id,time(utc timestamp),amount(usd),price,side
0.0,1617354000424000.0,2000.0,60904.6785,asks
1.0,1617354000424000.0,8000.0,60905.1786,asks
2.0,1617354001788000.0,2000.0,60904.6785,asks
3.0,1617354001788000.0,4180.0,60909.1794,asks
4.0,1617354001788000.0,3820.0,60909.6795,asks
5.0,1617354002821000.0,2000.0,60904.6785,asks
6.0,1617354002821000.0,8000.0,60905.1786,asks
7.0,1617354003888000.0,2000.0,60904.6785,asks
8.0,1617354003888000.0,8000.0,60905.1786,asks
9.0,1617354005057000.0,2000.0,60904.6785,asks
10.0,1617354005057000.0,2300.0,60906.1788,asks
11.0,1617354005057000.0,5700.0,60909.6795,asks
12.0,1617354006084000.0,4180.0,60865.6707,asks
13.0,1617354006084000.0,5820.0,60866.1708,asks
14.0,1617354007280000.0,4470.0,60865.6707,asks
15.0,1617354007280000.0,5530.0,60866.1708,asks
16.0,1617354008655000.0,10000.0,60845.6667,asks
17.0,1617354010164000.0,6770.0,60845.1666,asks
18.0,1617354010164000.0,3230.0,60845.6667,asks
19.0,1617354011166000.0,2300.0,60845.1666,asks
20.0,1617354011166000.0,7700.0,60845.6667,asks
21.0,1617354012258000.0,6770.0,60845.1666,asks
22.0,1617354012258000.0,3230.0,60845.6667,asks
23.0,1617354013302000.0,6770.0,60845.1666,asks
24.0,1617354013302000.0,3230.0,60845.6667,asks
25.0,1617354014451000.0,6770.0,60845.1666,asks
26.0,1617354014451000.0,3230.0,60845.6667,asks
27.0,1617354015665000.0,6770.0,60845.1666,asks
28.0,1617354015665000.0,3230.0,60845.6667,asks
29.0,1617354016997000.0,6770.0,60845.1666,asks
30.0,1617354016997000.0,3230.0,60845.6667,asks
31.0,1617354018040000.0,6770.0,60845.1666,asks
32.0,1617354018040000.0,3230.0,60845.6667,asks
33.0,1617354019234000.0,10000.0,60845.6667,asks
34.0,1617354020474000.0,10000.0,60861.1698,asks
35.0,1617354021693000.0,4470.0,60860.6697,asks
36.0,1617354021693000.0,5530.0,60861.1698,asks
37.0,1617354022699000.0,4470.0,60860.6697,asks
38.0,1617354022699000.0,5530.0,60861.1698,asks
39.0,1617354024046000.0,4520.0,60858.1692,asks
40.0,1617354024046000.0,5480.0,60858.6693,asks
41.0,1617354025057000.0,4520.0,60858.1692,asks
42.0,1617354025057000.0,5480.0,60858.6693,asks
43.0,1617354026067000.0,4520.0,60858.1692,asks
44.0,1617354026067000.0,5480.0,60858.6693,asks
45.0,1617354027535000.0,4520.0,60858.1692,asks
46.0,1617354027535000.0,5480.0,60858.6693,asks
47.0,1617354028568000.0,10000.0,60870.1716,asks
48.0,1617354029641000.0,4520.0,60869.6715,asks
49.0,1617354029641000.0,5480.0,60870.1716,asks
50.0,1617354030984000.0,4520.0,60869.6715,asks
51.0,1617354030984000.0,5480.0,60870.1716,asks
52.0,1617354032077000.0,4520.0,60853.1682,asks
53.0,1617354032077000.0,5480.0,60853.6683,asks
54.0,1617354033528000.0,4520.0,60853.1682,asks
55.0,1617354033528000.0,5480.0,60853.6683,asks
56.0,1617354034567000.0,4520.0,60864.6705,asks
57.0,1617354034567000.0,5480.0,60865.1706,asks
58.0,1617354035568000.0,4520.0,60864.6705,asks
59.0,1617354035568000.0,5480.0,60865.1706,asks
60.0,1617354036754000.0,4520.0,60864.6705,asks
61.0,1617354036754000.0,5480.0,60865.1706,asks
62.0,1617354037945000.0,10000.0,60869.6715,asks
63.0,1617354039148000.0,4110.0,60869.6715,asks
64.0,1617354039148000.0,5890.0,60870.1716,asks
65.0,1617354040163000.0,4110.0,60869.6715,asks
66.0,1617354040163000.0,5890.0,60870.1716,asks
67.0,1617354041164000.0,4110.0,60869.6715,asks
68.0,1617354041164000.0,5890.0,60870.1716,asks
69.0,1617354042174000.0,4110.0,60869.6715,asks
70.0,1617354042174000.0,5890.0,60870.1716,asks
71.0,1617354043186000.0,4110.0,60869.6715,asks
72.0,1617354043186000.0,5890.0,60870.1716,asks
73.0,1617354044190000.0,4110.0,60869.6715,asks
74.0,1617354044190000.0,5890.0,60870.1716,asks
75.0,1617354045199000.0,4110.0,60869.6715,asks
76.0,1617354045199000.0,5890.0,60870.1716,asks
77.0,1617354046208000.0,4110.0,60869.6715,asks
78.0,1617354046208000.0,5890.0,60870.1716,asks
79.0,1617354047211000.0,4110.0,60869.6715,asks
80.0,1617354047211000.0,5890.0,60870.1716,asks
81.0,1617354048261000.0,4110.0,60869.6715,asks
82.0,1617354048261000.0,5890.0,60870.1716,asks
83.0,1617354049322000.0,4110.0,60869.6715,asks
84.0,1617354049322000.0,5890.0,60870.1716,asks
85.0,1617354050336000.0,10000.0,60870.1716,asks
86.0,1617354051353000.0,4110.0,60854.1684,asks
87.0,1617354051353000.0,5890.0,60854.6685,asks
88.0,1617354052362000.0,4110.0,60854.1684,asks
89.0,1617354052362000.0,5890.0,60854.6685,asks
90.0,1617354053396000.0,4110.0,60854.1684,asks
91.0,1617354053396000.0,5890.0,60854.6685,asks
92.0,1617354054692000.0,3970.0,60869.6715,asks
93.0,1617354054692000.0,6030.0,60870.1716,asks
94.0,1617354056118000.0,3970.0,60869.6715,asks
95.0,1617354056118000.0,6030.0,60870.1716,asks
96.0,1617354057158000.0,10000.0,60870.1716,asks
97.0,1617354058289000.0,3970.0,60869.6715,asks
98.0,1617354058289000.0,6030.0,60870.1716,asks
99.0,1617354059295000.0,3970.0,60869.6715,asks
100.0,1617354059295000.0,6030.0,60870.1716,asks
101.0,1617354060299000.0,3970.0,60869.6715,asks
102.0,1617354060299000.0,6030.0,60870.1716,asks
103.0,1617354061313000.0,5870.0,60863.6703,asks
104.0,1617354061313000.0,4130.0,60864.1704,asks
105.0,1617354062324000.0,5870.0,60863.6703,asks
106.0,1617354062324000.0,4130.0,60864.1704,asks
107.0,1617354063725000.0,2000.0,60863.6703,asks
108.0,1617354063725000.0,6000.0,60869.6715,asks
109.0,1617354063725000.0,2000.0,60870.1716,asks
110.0,1617354065283000.0,2000.0,60863.6703,asks
111.0,1617354065283000.0,3870.0,60869.1714,asks
112.0,1617354065283000.0,4130.0,60869.6715,asks
113.0,1617354066366000.0,2000.0,60863.6703,asks
114.0,1617354066366000.0,3870.0,60869.1714,asks
115.0,1617354066366000.0,4130.0,60869.6715,asks
116.0,1617354067411000.0,5800.0,60863.6703,asks
117.0,1617354067411000.0,4200.0,60864.1704,asks
118.0,1617354068694000.0,3800.0,60853.6683,asks
119.0,1617354068694000.0,6200.0,60854.1684,asks
120.0,1617354070050000.0,2000.0,60863.6703,asks
121.0,1617354070050000.0,3800.0,60869.1714,asks
122.0,1617354070050000.0,4200.0,60869.6715,asks
123.0,1617354071383000.0,2000.0,60863.6703,asks
124.0,1617354071383000.0,8000.0,60864.1704,asks
125.0,1617354072394000.0,5800.0,60863.6703,asks
126.0,1617354072394000.0,4200.0,60864.1704,asks
127.0,1617354073395000.0,2000.0,60863.6703,asks
128.0,1617354073395000.0,8000.0,60864.1704,asks
129.0,1617354074399000.0,2000.0,60867.171,asks
130.0,1617354074399000.0,8000.0,60867.6711,asks
131.0,1617354075411000.0,2000.0,60867.171,asks
132.0,1617354075411000.0,8000.0,60867.6711,asks
133.0,1617354076420000.0,2000.0,60867.171,asks
134.0,1617354076420000.0,8000.0,60867.6711,asks
135.0,1617354077421000.0,2000.0,60867.171,asks
136.0,1617354077421000.0,8000.0,60867.6711,asks
137.0,1617354078436000.0,2000.0,60867.171,asks
138.0,1617354078436000.0,8000.0,60867.6711,asks
139.0,1617354079745000.0,2000.0,60867.171,asks
140.0,1617354079745000.0,3800.0,60869.6715,asks
141.0,1617354079745000.0,4200.0,60870.1716,asks
142.0,1617354080949000.0,5800.0,60867.171,asks
143.0,1617354080949000.0,4200.0,60867.6711,asks
144.0,1617354082253000.0,5910.0,60867.171,asks
145.0,1617354082253000.0,4090.0,60867.6711,asks
146.0,1617354083258000.0,5910.0,60867.171,asks
147.0,1617354083258000.0,4090.0,60867.6711,asks
148.0,1617354084275000.0,5910.0,60867.171,asks
149.0,1617354084275000.0,4090.0,60867.6711,asks
150.0,1617354085278000.0,5910.0,60867.171,asks
151.0,1617354085278000.0,4090.0,60867.6711,asks
152.0,1617354086334000.0,2000.0,60867.171,asks
153.0,1617354086334000.0,3910.0,60869.6715,asks
154.0,1617354086334000.0,4090.0,60870.1716,asks
155.0,1617354087367000.0,2000.0,60867.171,asks
156.0,1617354087367000.0,8000.0,60870.1716,asks
157.0,1617354088371000.0,2000.0,60867.171,asks
158.0,1617354088371000.0,3910.0,60869.6715,asks
159.0,1617354088371000.0,4090.0,60870.1716,asks
160.0,1617354089499000.0,5910.0,60867.171,asks
161.0,1617354089499000.0,4090.0,60870.1716,asks
162.0,1617354090514000.0,2000.0,60867.171,asks
163.0,1617354090514000.0,8000.0,60867.6711,asks
164.0,1617354091526000.0,2000.0,60867.171,asks
165.0,1617354091526000.0,8000.0,60867.6711,asks
166.0,1617354092531000.0,5910.0,60867.171,asks
167.0,1617354092531000.0,4090.0,60867.6711,asks
168.0,1617354093536000.0,2000.0,60867.171,asks
169.0,1617354093536000.0,8000.0,60867.6711,asks
170.0,1617354094668000.0,5910.0,60867.171,asks
171.0,1617354094668000.0,4090.0,60867.6711,asks
172.0,1617354095862000.0,2000.0,60867.171,asks
173.0,1617354095862000.0,8000.0,60867.6711,asks
174.0,1617354096929000.0,2000.0,60867.171,asks
175.0,1617354096929000.0,8000.0,60867.6711,asks
176.0,1617354098062000.0,2000.0,60867.171,asks
177.0,1617354098062000.0,3970.0,60869.6715,asks
178.0,1617354098062000.0,4030.0,60870.1716,asks
179.0,1617354099420000.0,2000.0,60867.171,asks
180.0,1617354099420000.0,3970.0,60869.6715,asks
181.0,1617354099420000.0,4030.0,60870.1716,asks
182.0,1617354100806000.0,2000.0,60867.171,asks
183.0,1617354100806000.0,3970.0,60869.6715,asks
184.0,1617354100806000.0,4030.0,60870.1716,asks
185.0,1617354102033000.0,5970.0,60867.171,asks
186.0,1617354102033000.0,4030.0,60867.6711,asks
187.0,1617354103132000.0,2000.0,60867.171,asks
188.0,1617354103132000.0,8000.0,60867.6711,asks
189.0,1617354104462000.0,2000.0,60867.171,asks
190.0,1617354104462000.0,3970.0,60869.6715,asks
191.0,1617354104462000.0,4030.0,60870.1716,asks
192.0,1617354105667000.0,2000.0,60867.171,asks
193.0,1617354105667000.0,8000.0,60867.6711,asks
194.0,1617354106848000.0,5970.0,60867.171,asks
195.0,1617354106848000.0,4030.0,60867.6711,asks
196.0,1617354107965000.0,5970.0,60867.171,asks
197.0,1617354107965000.0,4030.0,60867.6711,asks
198.0,1617354109199000.0,2000.0,60867.171,asks
199.0,1617354109199000.0,3970.0,60869.6715,asks
200.0,1617354109199000.0,4030.0,60870.1716,asks
201.0,1617354110292000.0,2000.0,60867.171,asks
202.0,1617354110292000.0,3970.0,60869.6715,asks
203.0,1617354110292000.0,4030.0,60870.1716,asks
204.0,1617354111691000.0,2000.0,60867.171,asks
205.0,1617354111691000.0,3830.0,60869.6715,asks
206.0,1617354111691000.0,4170.0,60870.1716,asks
207.0,1617354112796000.0,2000.0,60867.171,asks
208.0,1617354112796000.0,3830.0,60869.6715,asks
209.0,1617354112796000.0,4170.0,60870.1716,asks
210.0,1617354114069000.0,2000.0,60867.171,asks
211.0,1617354114069000.0,3830.0,60869.6715,asks
212.0,1617354114069000.0,4170.0,60870.1716,asks
213.0,1617354115445000.0,2000.0,60867.171,asks
214.0,1617354115445000.0,3830.0,60869.6715,asks
215.0,1617354115445000.0,4170.0,60870.1716,asks
216.0,1617354116691000.0,2000.0,60867.171,asks
217.0,1617354116691000.0,8000.0,60867.6711,asks
218.0,1617354117713000.0,5830.0,60867.171,asks
219.0,1617354117713000.0,4170.0,60867.6711,asks
220.0,1617354118833000.0,2000.0,60867.171,asks
221.0,1617354118833000.0,3830.0,60869.6715,asks
222.0,1617354118833000.0,4170.0,60870.1716,asks
223.0,1617354119835000.0,2000.0,60867.171,asks
224.0,1617354119835000.0,8000.0,60870.1716,asks
225.0,1617354121731000.0,2000.0,60867.171,asks
226.0,1617354121731000.0,3830.0,60869.6715,asks
227.0,1617354121731000.0,4170.0,60870.1716,asks
228.0,1617354122743000.0,5830.0,60867.171,asks
229.0,1617354122743000.0,4170.0,60867.6711,asks
230.0,1617354123745000.0,2000.0,60867.171,asks
231.0,1617354123745000.0,8000.0,60867.6711,asks
232.0,1617354124948000.0,2000.0,60867.171,asks
233.0,1617354124948000.0,8000.0,60867.6711,asks
234.0,1617354125949000.0,5830.0,60867.171,asks
235.0,1617354125949000.0,4170.0,60867.6711,asks
236.0,1617354127554000.0,2000.0,60867.171,asks
237.0,1617354127554000.0,8000.0,60867.6711,asks
238.0,1617354129471000.0,2000.0,60867.171,asks
239.0,1617354129471000.0,3950.0,60869.6715,asks
240.0,1617354129471000.0,4050.0,60870.1716,asks
241.0,1617354130484000.0,2000.0,60867.171,asks
242.0,1617354130484000.0,8000.0,60867.6711,asks
243.0,1617354131499000.0,10000.0,60833.1642,asks
244.0,1617354132594000.0,10000.0,60833.1642,asks
245.0,1617354133699000.0,10000.0,60833.1642,asks
246.0,1617354134893000.0,2000.0,60855.1686,asks
247.0,1617354134893000.0,3950.0,60861.6699,asks
248.0,1617354134893000.0,4050.0,60862.17,asks
249.0,1617354136066000.0,2000.0,60855.1686,asks
250.0,1617354136066000.0,3950.0,60861.6699,asks
251.0,1617354136066000.0,4050.0,60862.17,asks
252.0,1617354137390000.0,2000.0,60855.1686,asks
253.0,1617354137390000.0,3950.0,60861.6699,asks
254.0,1617354137390000.0,4050.0,60862.17,asks
255.0,1617354138605000.0,2000.0,60855.1686,asks
256.0,1617354138605000.0,3950.0,60861.6699,asks
257.0,1617354138605000.0,4050.0,60862.17,asks
258.0,1617354139792000.0,2000.0,60855.1686,asks
259.0,1617354139792000.0,8000.0,60855.6687,asks
260.0,1617354141068000.0,2000.0,60858.1692,asks
261.0,1617354141068000.0,3950.0,60864.6705,asks
262.0,1617354141068000.0,4050.0,60865.1706,asks
263.0,1617354142614000.0,2000.0,60858.1692,asks
264.0,1617354142614000.0,6000.0,60865.1706,asks
265.0,1617354142614000.0,2000.0,60868.1712,asks
266.0,1617354143633000.0,5860.0,60858.1692,asks
267.0,1617354143633000.0,4140.0,60858.6693,asks
268.0,1617354144900000.0,3860.0,60837.6651,asks
269.0,1617354144900000.0,6140.0,60838.1652,asks
270.0,1617354146040000.0,3860.0,60837.6651,asks
271.0,1617354146040000.0,6140.0,60838.1652,asks
272.0,1617354147468000.0,3860.0,60837.6651,asks
273.0,1617354147468000.0,6140.0,60838.1652,asks
274.0,1617354149096000.0,5860.0,60858.1692,asks
275.0,1617354149096000.0,4140.0,60858.6693,asks
276.0,1617354150528000.0,5860.0,60858.1692,asks
277.0,1617354150528000.0,4140.0,60858.6693,asks
278.0,1617354152811000.0,5860.0,60858.1692,asks
279.0,1617354152811000.0,4140.0,60858.6693,asks
280.0,1617354153961000.0,2000.0,60858.1692,asks
281.0,1617354153961000.0,8000.0,60858.6693,asks
282.0,1617354155976000.0,5860.0,60858.1692,asks
283.0,1617354155976000.0,4140.0,60858.6693,asks
284.0,1617354156984000.0,2000.0,60858.1692,asks
285.0,1617354156984000.0,8000.0,60858.6693,asks
286.0,1617354158335000.0,2000.0,60858.1692,asks
287.0,1617354158335000.0,3630.0,60864.6705,asks
288.0,1617354158335000.0,4370.0,60865.1706,asks
289.0,1617354159769000.0,2000.0,60858.1692,asks
290.0,1617354159769000.0,3630.0,60864.6705,asks
291.0,1617354159769000.0,4370.0,60865.1706,asks
292.0,1617354160894000.0,2000.0,60858.1692,asks
293.0,1617354160894000.0,3630.0,60864.6705,asks
294.0,1617354160894000.0,4370.0,60865.1706,asks
295.0,1617354162033000.0,2000.0,60858.1692,asks
296.0,1617354162033000.0,6000.0,60865.1706,asks
297.0,1617354162033000.0,2000.0,60868.1712,asks
298.0,1617354163463000.0,2000.0,60858.1692,asks
299.0,1617354163463000.0,6000.0,60865.1706,asks
300.0,1617354163463000.0,2000.0,60868.1712,asks
301.0,1617354164466000.0,2000.0,60858.1692,asks
302.0,1617354164466000.0,3630.0,60864.6705,asks
303.0,1617354164466000.0,4370.0,60865.1706,asks
304.0,1617354166042000.0,2000.0,60858.1692,asks
305.0,1617354166042000.0,8000.0,60858.6693,asks
306.0,1617354168091000.0,3630.0,60837.6651,asks
307.0,1617354168091000.0,6370.0,60838.1652,asks
308.0,1617354169142000.0,3630.0,60837.6651,asks
309.0,1617354169142000.0,6370.0,60838.1652,asks
310.0,1617354171079000.0,3630.0,60837.6651,asks
311.0,1617354171079000.0,6370.0,60838.1652,asks
312.0,1617354172090000.0,3630.0,60837.6651,asks
313.0,1617354172090000.0,6370.0,60838.1652,asks
314.0,1617354173885000.0,2000.0,60858.1692,asks
315.0,1617354173885000.0,3650.0,60864.6705,asks
316.0,1617354173885000.0,4350.0,60865.1706,asks
317.0,1617354175119000.0,2000.0,60858.1692,asks
318.0,1617354175119000.0,8000.0,60858.6693,asks
319.0,1617354176920000.0,5650.0,60858.1692,asks
320.0,1617354176920000.0,4350.0,60858.6693,asks
321.0,1617354178189000.0,5650.0,60858.1692,asks
322.0,1617354178189000.0,4350.0,60858.6693,asks
323.0,1617354179937000.0,5650.0,60858.1692,asks
324.0,1617354179937000.0,4350.0,60858.6693,asks
325.0,1617354181152000.0,5610.0,60858.1692,asks
326.0,1617354181152000.0,4390.0,60858.6693,asks
327.0,1617354182956000.0,2000.0,60858.1692,asks
328.0,1617354182956000.0,3610.0,60864.6705,asks
329.0,1617354182956000.0,4390.0,60865.1706,asks
330.0,1617354184172000.0,2000.0,60858.1692,asks
331.0,1617354184172000.0,8000.0,60858.6693,asks
332.0,1617354185198000.0,5610.0,60858.1692,asks
333.0,1617354185198000.0,4390.0,60858.6693,asks
334.0,1617354186792000.0,5610.0,60858.1692,asks
335.0,1617354186792000.0,4390.0,60858.6693,asks
336.0,1617354188193000.0,5740.0,60858.1692,asks
337.0,1617354188193000.0,4260.0,60865.1706,asks
338.0,1617354189197000.0,2000.0,60858.1692,asks
339.0,1617354189197000.0,3740.0,60864.6705,asks
340.0,1617354189197000.0,4260.0,60865.1706,asks
341.0,1617354190225000.0,2000.0,60858.1692,asks
342.0,1617354190225000.0,8000.0,60858.6693,asks
343.0,1617354191262000.0,2000.0,60858.1692,asks
344.0,1617354191262000.0,8000.0,60858.6693,asks
345.0,1617354192588000.0,3740.0,60867.6711,asks
346.0,1617354192588000.0,6260.0,60868.1712,asks
347.0,1617354193958000.0,3740.0,60831.6639,asks
348.0,1617354193958000.0,6260.0,60832.164,asks
349.0,1617354195256000.0,3740.0,60831.6639,asks
350.0,1617354195256000.0,6260.0,60832.164,asks
351.0,1617354196267000.0,3740.0,60831.6639,asks
352.0,1617354196267000.0,6260.0,60832.164,asks
353.0,1617354197270000.0,3740.0,60831.6639,asks
354.0,1617354197270000.0,6260.0,60832.164,asks
355.0,1617354198286000.0,3740.0,60831.6639,asks
356.0,1617354198286000.0,6260.0,60832.164,asks
357.0,1617354199332000.0,3740.0,60831.6639,asks
358.0,1617354199332000.0,6260.0,60832.164,asks
359.0,1617354200448000.0,3740.0,60831.6639,asks
360.0,1617354200448000.0,6260.0,60832.164,asks
361.0,1617354202297000.0,3740.0,60831.6639,asks
362.0,1617354202297000.0,6260.0,60832.164,asks
363.0,1617354203376000.0,3740.0,60831.6639,asks
364.0,1617354203376000.0,6260.0,60832.164,asks
365.0,1617354205328000.0,3740.0,60831.6639,asks
366.0,1617354205328000.0,6260.0,60832.164,asks
367.0,1617354206457000.0,3740.0,60831.6639,asks
368.0,1617354206457000.0,6260.0,60832.164,asks
369.0,1617354207597000.0,10000.0,60832.164,asks
370.0,1617354208776000.0,3590.0,60831.6639,asks
371.0,1617354208776000.0,6410.0,60832.164,asks
372.0,1617354210364000.0,3590.0,60831.6639,asks
373.0,1617354210364000.0,6410.0,60832.164,asks
374.0,1617354211366000.0,3590.0,60831.6639,asks
375.0,1617354211366000.0,6410.0,60832.164,asks
376.0,1617354213385000.0,3590.0,60831.6639,asks
377.0,1617354213385000.0,6410.0,60832.164,asks
378.0,1617354214387000.0,3590.0,60831.6639,asks
379.0,1617354214387000.0,6410.0,60832.164,asks
380.0,1617354215388000.0,3590.0,60831.6639,asks
381.0,1617354215388000.0,6410.0,60832.164,asks
382.0,1617354216438000.0,3590.0,60831.6639,asks
383.0,1617354216438000.0,6410.0,60832.164,asks
384.0,1617354217734000.0,3590.0,60831.6639,asks
385.0,1617354217734000.0,6410.0,60832.164,asks
386.0,1617354219263000.0,3590.0,60831.6639,asks
387.0,1617354219263000.0,6410.0,60832.164,asks
388.0,1617354220430000.0,3590.0,60831.6639,asks
389.0,1617354220430000.0,6410.0,60832.164,asks
390.0,1617354221439000.0,3590.0,60831.6639,asks
391.0,1617354221439000.0,6410.0,60832.164,asks
392.0,1617354222508000.0,3590.0,60831.6639,asks
393.0,1617354222508000.0,6410.0,60832.164,asks
394.0,1617354223591000.0,3590.0,60831.6639,asks
395.0,1617354223591000.0,6410.0,60832.164,asks
396.0,1617354224696000.0,3590.0,60831.6639,asks
397.0,1617354224696000.0,6410.0,60832.164,asks
398.0,1617354225947000.0,3590.0,60831.6639,asks
399.0,1617354225947000.0,6410.0,60832.164,asks
400.0,1617354227120000.0,3590.0,60831.6639,asks
401.0,1617354227120000.0,6410.0,60832.164,asks
402.0,1617354228193000.0,2000.0,60819.6615,asks
403.0,1617354228193000.0,6000.0,60828.1632,asks
404.0,1617354228193000.0,2000.0,60838.6653,asks
405.0,1617354229394000.0,2000.0,60819.6615,asks
406.0,1617354229394000.0,8000.0,60838.6653,asks
407.0,1617354230563000.0,3640.0,60819.6615,asks
408.0,1617354230563000.0,6360.0,60820.1616,asks
409.0,1617354231765000.0,2000.0,60834.1644,asks
410.0,1617354231765000.0,8000.0,60838.6653,asks
411.0,1617354232996000.0,5520.0,60834.1644,asks
412.0,1617354232996000.0,4480.0,60834.6645,asks
413.0,1617354234095000.0,2000.0,60834.1644,asks
414.0,1617354234095000.0,8000.0,60838.6653,asks
415.0,1617354235436000.0,2000.0,60834.1644,asks
416.0,1617354235436000.0,8000.0,60838.6653,asks
417.0,1617354236545000.0,5520.0,60834.1644,asks
418.0,1617354236545000.0,4480.0,60834.6645,asks
419.0,1617354237551000.0,2000.0,60834.1644,asks
420.0,1617354237551000.0,8000.0,60834.6645,asks
421.0,1617354238563000.0,2000.0,60834.1644,asks
422.0,1617354238563000.0,8000.0,60834.6645,asks
423.0,1617354239564000.0,2000.0,60834.1644,asks
424.0,1617354239564000.0,3520.0,60838.1652,asks
425.0,1617354239564000.0,4480.0,60838.6653,asks
426.0,1617354240709000.0,3520.0,60838.1652,asks
427.0,1617354240709000.0,6480.0,60838.6653,asks
428.0,1617354241988000.0,10000.0,60840.1656,asks
429.0,1617354243231000.0,2000.0,60846.6669,asks
430.0,1617354243231000.0,6000.0,60852.6681,asks
431.0,1617354243231000.0,2000.0,60874.1724,asks
432.0,1617354244897000.0,2000.0,60860.1696,asks
433.0,1617354244897000.0,6000.0,60867.171,asks
434.0,1617354244897000.0,2000.0,60874.1724,asks
435.0,1617354245903000.0,6000.0,60854.6685,asks
436.0,1617354245903000.0,3580.0,60859.6695,asks
437.0,1617354245903000.0,420.0,60860.1696,asks
438.0,1617354247062000.0,6000.0,60854.6685,asks
439.0,1617354247062000.0,3580.0,60859.6695,asks
440.0,1617354247062000.0,420.0,60860.1696,asks
441.0,1617354248693000.0,9160.0,60854.6685,asks
442.0,1617354248693000.0,840.0,60855.1686,asks
443.0,1617354250088000.0,6000.0,60854.6685,asks
444.0,1617354250088000.0,3160.0,60859.6695,asks
445.0,1617354250088000.0,840.0,60860.1696,asks
446.0,1617354251495000.0,2000.0,60847.167,asks
447.0,1617354251495000.0,3160.0,60854.1684,asks
448.0,1617354251495000.0,4840.0,60854.6685,asks
449.0,1617354252661000.0,2000.0,60847.167,asks
450.0,1617354252661000.0,8000.0,60847.6671,asks
451.0,1617354253666000.0,2000.0,60847.167,asks
452.0,1617354253666000.0,8000.0,60847.6671,asks
453.0,1617354254672000.0,5160.0,60847.167,asks
454.0,1617354254672000.0,4840.0,60847.6671,asks
455.0,1617354255679000.0,2000.0,60847.167,asks
456.0,1617354255679000.0,8000.0,60847.6671,asks
457.0,1617354256683000.0,2000.0,60847.167,asks
458.0,1617354256683000.0,8000.0,60847.6671,asks
459.0,1617354257693000.0,5160.0,60847.167,asks
460.0,1617354257693000.0,4840.0,60847.6671,asks
461.0,1617354258699000.0,2000.0,60847.167,asks
462.0,1617354258699000.0,8000.0,60847.6671,asks
463.0,1617354259706000.0,2000.0,60847.167,asks
464.0,1617354259706000.0,8000.0,60847.6671,asks
465.0,1617354260713000.0,2000.0,60847.167,asks
466.0,1617354260713000.0,8000.0,60847.6671,asks
467.0,1617354261719000.0,5160.0,60847.167,asks
468.0,1617354261719000.0,4840.0,60847.6671,asks
469.0,1617354262792000.0,2000.0,60863.6703,asks
470.0,1617354262792000.0,3030.0,60867.6711,asks
471.0,1617354262792000.0,4970.0,60868.1712,asks
472.0,1617354263891000.0,10000.0,60874.1724,asks
473.0,1617354264955000.0,2190.0,60873.6723,asks
474.0,1617354264955000.0,7810.0,60874.1724,asks
475.0,1617354266098000.0,10000.0,60874.1724,asks
476.0,1617354267285000.0,10000.0,60874.1724,asks
477.0,1617354268695000.0,2190.0,60873.6723,asks
478.0,1617354268695000.0,7810.0,60874.1724,asks
479.0,1617354270023000.0,600.0,60874.1724,asks
480.0,1617354270023000.0,2000.0,60899.6775,asks
481.0,1617354270023000.0,7400.0,60902.178,asks
482.0,1617354271194000.0,600.0,60874.1724,asks
483.0,1617354271194000.0,2000.0,60899.6775,asks
484.0,1617354271194000.0,2190.0,60911.6799,asks
485.0,1617354271194000.0,5210.0,60912.18,asks
486.0,1617354272798000.0,600.0,60874.1724,asks
487.0,1617354272798000.0,9400.0,60874.6725,asks
488.0,1617354273873000.0,4190.0,60899.6775,asks
489.0,1617354273873000.0,5810.0,60900.1776,asks
490.0,1617354275275000.0,4790.0,60899.6775,asks
491.0,1617354275275000.0,5210.0,60900.1776,asks
492.0,1617354276553000.0,2600.0,60899.6775,asks
493.0,1617354276553000.0,7400.0,60900.1776,asks
494.0,1617354277698000.0,4790.0,60899.6775,asks
495.0,1617354277698000.0,5210.0,60900.1776,asks
496.0,1617354278843000.0,2000.0,60899.6775,asks
497.0,1617354278843000.0,8000.0,60900.1776,asks
498.0,1617354280200000.0,3580.0,60899.6775,asks
499.0,1617354280200000.0,6420.0,60900.1776,asks
500.0,1617354281872000.0,3580.0,60899.6775,asks
501.0,1617354281872000.0,6420.0,60900.1776,asks
502.0,1617354282873000.0,2000.0,60899.6775,asks
503.0,1617354282873000.0,6000.0,60905.1786,asks
504.0,1617354282873000.0,2000.0,60912.18,asks
505.0,1617354283971000.0,2000.0,60899.6775,asks
506.0,1617354283971000.0,1580.0,60904.6785,asks
507.0,1617354283971000.0,6000.0,60905.1786,asks
508.0,1617354283971000.0,420.0,60912.18,asks
509.0,1617354284990000.0,2000.0,60887.175,asks
510.0,1617354284990000.0,1580.0,60904.6785,asks
511.0,1617354284990000.0,6000.0,60905.1786,asks
512.0,1617354284990000.0,420.0,60912.18,asks
513.0,1617354286382000.0,10000.0,60874.1724,asks
514.0,1617354287430000.0,1580.0,60873.6723,asks
515.0,1617354287430000.0,8420.0,60874.1724,asks
516.0,1617354288653000.0,600.0,60874.1724,asks
517.0,1617354288653000.0,2000.0,60887.175,asks
518.0,1617354288653000.0,7400.0,60892.176,asks
519.0,1617354289984000.0,1580.0,60854.6685,asks
520.0,1617354289984000.0,8420.0,60855.1686,asks
521.0,1617354291244000.0,10000.0,60855.1686,asks
522.0,1617354292392000.0,10000.0,60855.1686,asks
523.0,1617354293987000.0,10000.0,60845.1666,asks
524.0,1617354294992000.0,10000.0,60848.1672,asks
525.0,1617354296098000.0,10000.0,60855.1686,asks
526.0,1617354297184000.0,10000.0,60855.1686,asks
527.0,1617354298497000.0,10000.0,60855.1686,asks
528.0,1617354299566000.0,10000.0,60855.1686,asks
529.0,1617354300993000.0,10000.0,60855.1686,asks
530.0,1617354302161000.0,10000.0,60855.1686,asks
531.0,1617354303286000.0,2920.0,60854.6685,asks
532.0,1617354303286000.0,7080.0,60855.1686,asks
533.0,1617354304298000.0,2920.0,60854.6685,asks
534.0,1617354304298000.0,7080.0,60855.1686,asks
535.0,1617354305351000.0,10000.0,60850.1676,asks
536.0,1617354306394000.0,10000.0,60819.1614,asks
537.0,1617354307584000.0,1940.0,60821.6619,asks
538.0,1617354307584000.0,2000.0,60838.1652,asks
539.0,1617354307584000.0,6000.0,60843.6663,asks
540.0,1617354307584000.0,60.0,60850.1676,asks
541.0,1617354308696000.0,10000.0,60789.6555,asks
542.0,1617354309796000.0,2920.0,60789.1554,asks
543.0,1617354309796000.0,7080.0,60789.6555,asks
544.0,1617354311130000.0,10000.0,60789.6555,asks
545.0,1617354312407000.0,2920.0,60789.1554,asks
546.0,1617354312407000.0,7080.0,60789.6555,asks
547.0,1617354313763000.0,2920.0,60789.1554,asks
548.0,1617354313763000.0,7080.0,60789.6555,asks
549.0,1617354315271000.0,2920.0,60789.1554,asks
550.0,1617354315271000.0,7080.0,60789.6555,asks
551.0,1617354316354000.0,10000.0,60789.6555,asks
552.0,1617354317595000.0,4350.0,60789.1554,asks
553.0,1617354317595000.0,5650.0,60789.6555,asks
554.0,1617354318641000.0,10000.0,60756.1488,asks
555.0,1617354319850000.0,10000.0,60756.1488,asks
556.0,1617354320896000.0,2140.0,60761.1498,asks
557.0,1617354320896000.0,3750.0,60773.1522,asks
558.0,1617354320896000.0,4110.0,60773.6523,asks
559.0,1617354321963000.0,2000.0,60797.6571,asks
560.0,1617354321963000.0,6000.0,60802.6581,asks
561.0,1617354321963000.0,2000.0,60811.6599,asks
562.0,1617354323349000.0,3750.0,60811.1598,asks
563.0,1617354323349000.0,6250.0,60811.6599,asks
564.0,1617354324492000.0,10000.0,60811.6599,asks
565.0,1617354325540000.0,10000.0,60811.6599,asks
566.0,1617354326590000.0,10000.0,60811.6599,asks
567.0,1617354327816000.0,10000.0,60811.6599,asks
568.0,1617354328866000.0,10000.0,60811.6599,asks
569.0,1617354329897000.0,10000.0,60811.6599,asks
570.0,1617354331252000.0,3000.0,60811.1598,asks
571.0,1617354331252000.0,7000.0,60811.6599,asks
572.0,1617354332298000.0,10000.0,60802.6581,asks
573.0,1617354333495000.0,3000.0,60802.158,asks
574.0,1617354333495000.0,7000.0,60802.6581,asks
575.0,1617354334698000.0,3000.0,60802.158,asks
576.0,1617354334698000.0,7000.0,60802.6581,asks
577.0,1617354335971000.0,10000.0,60802.6581,asks
578.0,1617354337255000.0,10000.0,60802.6581,asks
579.0,1617354338265000.0,10000.0,60802.6581,asks
580.0,1617354339278000.0,2610.0,60802.158,asks
581.0,1617354339278000.0,7390.0,60802.6581,asks
582.0,1617354340281000.0,2610.0,60802.158,asks
583.0,1617354340281000.0,7390.0,60802.6581,asks
584.0,1617354341287000.0,2610.0,60802.158,asks
585.0,1617354341287000.0,7390.0,60802.6581,asks
586.0,1617354342294000.0,2610.0,60802.158,asks
587.0,1617354342294000.0,7390.0,60802.6581,asks
588.0,1617354343299000.0,2610.0,60802.158,asks
589.0,1617354343299000.0,7390.0,60802.6581,asks
590.0,1617354344319000.0,10000.0,60802.6581,asks
591.0,1617354345320000.0,2610.0,60802.158,asks
592.0,1617354345320000.0,7390.0,60802.6581,asks
593.0,1617354346324000.0,2610.0,60802.158,asks
594.0,1617354346324000.0,7390.0,60802.6581,asks
595.0,1617354347683000.0,2000.0,60803.6583,asks
596.0,1617354347683000.0,2610.0,60812.6601,asks
597.0,1617354347683000.0,5390.0,60813.1602,asks
598.0,1617354349197000.0,2000.0,60803.6583,asks
599.0,1617354349197000.0,2610.0,60812.6601,asks
600.0,1617354349197000.0,5390.0,60813.1602,asks
601.0,1617354350350000.0,2000.0,60803.6583,asks
602.0,1617354350350000.0,8000.0,60804.1584,asks
603.0,1617354351365000.0,4020.0,60803.6583,asks
604.0,1617354351365000.0,5980.0,60804.1584,asks
605.0,1617354352486000.0,10000.0,60813.1602,asks
606.0,1617354353496000.0,2020.0,60812.6601,asks
607.0,1617354353496000.0,7980.0,60813.1602,asks
608.0,1617354354520000.0,2020.0,60812.6601,asks
609.0,1617354354520000.0,7980.0,60813.1602,asks
610.0,1617354355546000.0,2020.0,60812.6601,asks
611.0,1617354355546000.0,7980.0,60813.1602,asks
612.0,1617354356625000.0,10000.0,60830.6637,asks
613.0,1617354357761000.0,200.0,60812.6601,asks
614.0,1617354357761000.0,6000.0,60828.6633,asks
615.0,1617354357761000.0,980.0,60830.1636,asks
616.0,1617354357761000.0,2820.0,60830.6637,asks
617.0,1617354358825000.0,200.0,60812.6601,asks
618.0,1617354358825000.0,6000.0,60828.6633,asks
619.0,1617354358825000.0,3800.0,60830.6637,asks
620.0,1617354359846000.0,200.0,60812.6601,asks
621.0,1617354359846000.0,6000.0,60828.6633,asks
622.0,1617354359846000.0,3800.0,60830.6637,asks
623.0,1617354361440000.0,980.0,60797.157,asks
624.0,1617354361440000.0,9020.0,60797.6571,asks
625.0,1617354362528000.0,980.0,60797.157,asks
626.0,1617354362528000.0,9020.0,60797.6571,asks
627.0,1617354363888000.0,6600.0,60816.6609,asks
628.0,1617354363888000.0,3400.0,60817.161,asks
629.0,1617354365251000.0,1580.0,60816.6609,asks
630.0,1617354365251000.0,8420.0,60817.161,asks
631.0,1617354366361000.0,600.0,60816.6609,asks
632.0,1617354366361000.0,2000.0,60817.6611,asks
633.0,1617354366361000.0,980.0,60828.1632,asks
634.0,1617354366361000.0,6420.0,60828.6633,asks
635.0,1617354367466000.0,600.0,60816.6609,asks
636.0,1617354367466000.0,9400.0,60817.161,asks
637.0,1617354368478000.0,600.0,60816.6609,asks
638.0,1617354368478000.0,9400.0,60817.161,asks
639.0,1617354369493000.0,600.0,60816.6609,asks
640.0,1617354369493000.0,9400.0,60817.161,asks
641.0,1617354370573000.0,2000.0,60817.6611,asks
642.0,1617354370573000.0,880.0,60828.1632,asks
643.0,1617354370573000.0,7120.0,60828.6633,asks
644.0,1617354371577000.0,200.0,60816.6609,asks
645.0,1617354371577000.0,2000.0,60817.6611,asks
646.0,1617354371577000.0,7800.0,60828.6633,asks
647.0,1617354372670000.0,2000.0,60804.1584,asks
648.0,1617354372670000.0,200.0,60816.6609,asks
649.0,1617354372670000.0,6000.0,60817.161,asks
650.0,1617354372670000.0,1800.0,60828.6633,asks
651.0,1617354374281000.0,880.0,60794.1564,asks
652.0,1617354374281000.0,9120.0,60794.6565,asks
653.0,1617354375527000.0,10000.0,60794.6565,asks
654.0,1617354376551000.0,880.0,60794.1564,asks
655.0,1617354376551000.0,9120.0,60794.6565,asks
656.0,1617354377785000.0,880.0,60794.1564,asks
657.0,1617354377785000.0,9120.0,60794.6565,asks
658.0,1617354379036000.0,880.0,60794.1564,asks
659.0,1617354379036000.0,9120.0,60794.6565,asks
660.0,1617354380283000.0,10000.0,60798.1572,asks
661.0,1617354381292000.0,600.0,60804.1584,asks
662.0,1617354381292000.0,2000.0,60818.1612,asks
663.0,1617354381292000.0,700.0,60825.1626,asks
664.0,1617354381292000.0,6700.0,60825.6627,asks
665.0,1617354382580000.0,600.0,60804.1584,asks
666.0,1617354382580000.0,2000.0,60818.1612,asks
667.0,1617354382580000.0,700.0,60825.1626,asks
668.0,1617354382580000.0,6700.0,60825.6627,asks
669.0,1617354383636000.0,2000.0,60818.1612,asks
670.0,1617354383636000.0,8000.0,60825.6627,asks
671.0,1617354384887000.0,2700.0,60818.1612,asks
672.0,1617354384887000.0,7300.0,60818.6613,asks
673.0,1617354386602000.0,2000.0,60818.1612,asks
674.0,1617354386602000.0,8000.0,60818.6613,asks
675.0,1617354387607000.0,2000.0,60818.1612,asks
676.0,1617354387607000.0,8000.0,60818.6613,asks
677.0,1617354388633000.0,600.0,60825.1626,asks
678.0,1617354388633000.0,9400.0,60825.6627,asks
679.0,1617354389766000.0,740.0,60825.1626,asks
680.0,1617354389766000.0,9260.0,60825.6627,asks
681.0,1617354390885000.0,600.0,60825.1626,asks
682.0,1617354390885000.0,9400.0,60844.1664,asks
683.0,1617354391965000.0,2000.0,60875.1726,asks
684.0,1617354391965000.0,8000.0,60879.6735,asks
685.0,1617354393119000.0,600.0,60825.6627,asks
686.0,1617354393119000.0,9400.0,60892.6761,asks
687.0,1617354394172000.0,600.0,60825.6627,asks
688.0,1617354394172000.0,9400.0,60826.1628,asks
689.0,1617354395328000.0,600.0,60825.6627,asks
690.0,1617354395328000.0,9400.0,60826.1628,asks
691.0,1617354396699000.0,600.0,60825.6627,asks
692.0,1617354396699000.0,9400.0,60826.1628,asks
693.0,1617354397834000.0,10000.0,60819.1614,asks
694.0,1617354398873000.0,10000.0,60819.1614,asks
695.0,1617354399990000.0,10000.0,60837.6651,asks
696.0,1617354401295000.0,10000.0,60858.6693,asks
697.0,1617354402352000.0,10000.0,60858.6693,asks
698.0,1617354403588000.0,10000.0,60858.6693,asks
699.0,1617354404740000.0,10000.0,60858.6693,asks
700.0,1617354406092000.0,10000.0,60858.6693,asks
701.0,1617354407198000.0,10000.0,60858.6693,asks
702.0,1617354408275000.0,10000.0,60858.6693,asks
703.0,1617354409291000.0,10000.0,60858.6693,asks
704.0,1617354410391000.0,10000.0,60858.6693,asks
705.0,1617354411528000.0,10000.0,60858.6693,asks
706.0,1617354412695000.0,10000.0,60858.6693,asks
707.0,1617354413697000.0,10000.0,60858.6693,asks
708.0,1617354414796000.0,190.0,60858.1692,asks
709.0,1617354414796000.0,9810.0,60858.6693,asks
710.0,1617354415813000.0,190.0,60858.1692,asks
711.0,1617354415813000.0,9810.0,60858.6693,asks
712.0,1617354416877000.0,10000.0,60834.6645,asks
713.0,1617354418249000.0,190.0,60834.1644,asks
714.0,1617354418249000.0,9810.0,60834.6645,asks
715.0,1617354419452000.0,190.0,60834.1644,asks
716.0,1617354419452000.0,9810.0,60834.6645,asks
717.0,1617354420487000.0,190.0,60834.1644,asks
718.0,1617354420487000.0,9810.0,60834.6645,asks
719.0,1617354421666000.0,190.0,60834.1644,asks
720.0,1617354421666000.0,9810.0,60834.6645,asks
721.0,1617354422851000.0,10000.0,60834.6645,asks
722.0,1617354423975000.0,190.0,60834.1644,asks
723.0,1617354423975000.0,9810.0,60834.6645,asks
724.0,1617354424985000.0,190.0,60834.1644,asks
725.0,1617354424985000.0,9810.0,60834.6645,asks
726.0,1617354426578000.0,190.0,60834.1644,asks
727.0,1617354426578000.0,9810.0,60834.6645,asks
728.0,1617354427579000.0,10000.0,60834.6645,asks
729.0,1617354428897000.0,460.0,60834.1644,asks
730.0,1617354428897000.0,9540.0,60834.6645,asks
731.0,1617354430065000.0,1060.0,60834.1644,asks
732.0,1617354430065000.0,8940.0,60834.6645,asks
733.0,1617354431286000.0,1060.0,60834.1644,asks
734.0,1617354431286000.0,8940.0,60834.6645,asks
735.0,1617354432493000.0,600.0,60834.1644,asks
736.0,1617354432493000.0,9400.0,60834.6645,asks
737.0,1617354433499000.0,600.0,60834.1644,asks
738.0,1617354433499000.0,9400.0,60834.6645,asks
739.0,1617354434959000.0,600.0,60834.1644,asks
740.0,1617354434959000.0,9400.0,60834.6645,asks
741.0,1617354436229000.0,600.0,60834.1644,asks
742.0,1617354436229000.0,9400.0,60858.6693,asks
743.0,1617354437338000.0,10000.0,60858.6693,asks
744.0,1617354438574000.0,10000.0,60858.6693,asks
745.0,1617354439779000.0,10000.0,60858.6693,asks
746.0,1617354440998000.0,10000.0,60858.6693,asks
747.0,1617354442034000.0,10000.0,60858.6693,asks
748.0,1617354443042000.0,10000.0,60858.6693,asks
749.0,1617354444249000.0,10000.0,60858.6693,asks
750.0,1617354445353000.0,10000.0,60858.6693,asks
751.0,1617354446868000.0,10000.0,60858.6693,asks
752.0,1617354448099000.0,10000.0,60858.6693,asks
753.0,1617354449156000.0,10000.0,60858.6693,asks
754.0,1617354450575000.0,10000.0,60858.6693,asks
755.0,1617354451695000.0,10000.0,60858.6693,asks
756.0,1617354452965000.0,10000.0,60858.6693,asks
757.0,1617354454089000.0,10000.0,60858.6693,asks
758.0,1617354455097000.0,10000.0,60858.6693,asks
759.0,1617354456594000.0,10000.0,60858.6693,asks
760.0,1617354458117000.0,10000.0,60858.6693,asks
761.0,1617354459212000.0,10000.0,60858.6693,asks
762.0,1617354460259000.0,70.0,60858.1692,asks
763.0,1617354460259000.0,9930.0,60858.6693,asks
764.0,1617354461882000.0,70.0,60858.1692,asks
765.0,1617354461882000.0,9930.0,60858.6693,asks
766.0,1617354463168000.0,2000.0,60857.6691,asks
767.0,1617354463168000.0,70.0,60858.1692,asks
768.0,1617354463168000.0,7930.0,60858.6693,asks
769.0,1617354464828000.0,2000.0,60857.6691,asks
770.0,1617354464828000.0,8000.0,60858.6693,asks
771.0,1617354466172000.0,10000.0,60813.6603,asks
772.0,1617354467179000.0,70.0,60813.1602,asks
773.0,1617354467179000.0,9930.0,60813.6603,asks
774.0,1617354468180000.0,10000.0,60813.6603,asks
775.0,1617354470201000.0,70.0,60813.1602,asks
776.0,1617354470201000.0,9930.0,60813.6603,asks
777.0,1617354471258000.0,70.0,60813.1602,asks
778.0,1617354471258000.0,9930.0,60813.6603,asks
779.0,1617354472486000.0,70.0,60813.1602,asks
780.0,1617354472486000.0,9930.0,60813.6603,asks
781.0,1617354473988000.0,10000.0,60847.6671,asks
782.0,1617354474997000.0,10000.0,60847.6671,asks
783.0,1617354476060000.0,10.0,60847.167,asks
784.0,1617354476060000.0,9990.0,60847.6671,asks
785.0,1617354477165000.0,600.0,60847.167,asks
786.0,1617354477165000.0,9400.0,60847.6671,asks
787.0,1617354478883000.0,610.0,60847.167,asks
788.0,1617354478883000.0,9390.0,60847.6671,asks
789.0,1617354480273000.0,610.0,60847.167,asks
790.0,1617354480273000.0,9390.0,60847.6671,asks
791.0,1617354481278000.0,610.0,60847.167,asks
792.0,1617354481278000.0,9390.0,60847.6671,asks
793.0,1617354482292000.0,600.0,60847.167,asks
794.0,1617354482292000.0,9400.0,60847.6671,asks
795.0,1617354483296000.0,10.0,60847.167,asks
796.0,1617354483296000.0,9990.0,60847.6671,asks
797.0,1617354484488000.0,10000.0,60847.6671,asks
798.0,1617354485910000.0,10.0,60847.167,asks
799.0,1617354485910000.0,9990.0,60847.6671,asks
800.0,1617354487271000.0,10.0,60847.167,asks
801.0,1617354487271000.0,9990.0,60847.6671,asks
802.0,1617354488280000.0,610.0,60847.167,asks
803.0,1617354488280000.0,9390.0,60847.6671,asks
804.0,1617354489352000.0,600.0,60847.167,asks
805.0,1617354489352000.0,9400.0,60847.6671,asks
806.0,1617354491351000.0,600.0,60847.167,asks
807.0,1617354491351000.0,9400.0,60847.6671,asks
808.0,1617354492353000.0,2000.0,60844.6665,asks
809.0,1617354492353000.0,8000.0,60845.1666,asks
810.0,1617354493365000.0,2000.0,60844.6665,asks
811.0,1617354493365000.0,8000.0,60845.1666,asks
812.0,1617354494371000.0,2000.0,60844.6665,asks
813.0,1617354494371000.0,8000.0,60845.1666,asks
814.0,1617354495379000.0,2000.0,60844.6665,asks
815.0,1617354495379000.0,8000.0,60845.1666,asks
816.0,1617354496386000.0,2000.0,60844.6665,asks
817.0,1617354496386000.0,8000.0,60845.1666,asks
818.0,1617354497389000.0,2000.0,60844.6665,asks
819.0,1617354497389000.0,8000.0,60845.1666,asks
820.0,1617354498558000.0,2000.0,60844.6665,asks
821.0,1617354498558000.0,8000.0,60845.1666,asks
822.0,1617354499582000.0,2000.0,60844.6665,asks
823.0,1617354499582000.0,8000.0,60847.6671,asks
824.0,1617354500664000.0,2000.0,60844.6665,asks
825.0,1617354500664000.0,8000.0,60847.6671,asks
826.0,1617354502423000.0,2000.0,60844.6665,asks
827.0,1617354502423000.0,8000.0,60845.1666,asks
828.0,1617354503434000.0,2000.0,60844.6665,asks
829.0,1617354503434000.0,8000.0,60845.1666,asks
830.0,1617354504442000.0,2000.0,60844.6665,asks
831.0,1617354504442000.0,20.0,60847.167,asks
832.0,1617354504442000.0,7980.0,60847.6671,asks
833.0,1617354505450000.0,2020.0,60844.6665,asks
834.0,1617354505450000.0,7980.0,60845.1666,asks
835.0,1617354506459000.0,2000.0,60844.6665,asks
836.0,1617354506459000.0,8000.0,60845.1666,asks
837.0,1617354507465000.0,2000.0,60844.6665,asks
838.0,1617354507465000.0,8000.0,60845.1666,asks
839.0,1617354508473000.0,2020.0,60844.6665,asks
840.0,1617354508473000.0,7980.0,60845.1666,asks
841.0,1617354509479000.0,2020.0,60844.6665,asks
842.0,1617354509479000.0,7980.0,60845.1666,asks
843.0,1617354510481000.0,2000.0,60844.6665,asks
844.0,1617354510481000.0,8000.0,60845.1666,asks
845.0,1617354512355000.0,2000.0,60844.6665,asks
846.0,1617354512355000.0,8000.0,60845.1666,asks
847.0,1617354513989000.0,2000.0,60844.6665,asks
848.0,1617354513989000.0,8000.0,60847.6671,asks
849.0,1617354514992000.0,2000.0,60844.6665,asks
850.0,1617354514992000.0,20.0,60847.167,asks
851.0,1617354514992000.0,7980.0,60847.6671,asks
852.0,1617354516392000.0,2620.0,60844.6665,asks
853.0,1617354516392000.0,7380.0,60845.1666,asks
854.0,1617354517532000.0,2600.0,60844.6665,asks
855.0,1617354517532000.0,7400.0,60845.1666,asks
856.0,1617354518535000.0,2600.0,60844.6665,asks
857.0,1617354518535000.0,7400.0,60845.1666,asks
858.0,1617354519548000.0,2600.0,60844.6665,asks
859.0,1617354519548000.0,7400.0,60845.1666,asks
860.0,1617354520550000.0,2000.0,60844.6665,asks
861.0,1617354520550000.0,8000.0,60845.1666,asks
862.0,1617354521561000.0,2600.0,60844.6665,asks
863.0,1617354521561000.0,7400.0,60845.1666,asks
864.0,1617354522571000.0,600.0,60844.6665,asks
865.0,1617354522571000.0,9400.0,60845.1666,asks
866.0,1617354524582000.0,600.0,60844.6665,asks
867.0,1617354524582000.0,9400.0,60845.1666,asks
868.0,1617354525585000.0,600.0,60844.6665,asks
869.0,1617354525585000.0,9400.0,60845.1666,asks
870.0,1617354526592000.0,10000.0,60847.6671,asks
871.0,1617354527593000.0,10000.0,60847.6671,asks
872.0,1617354528608000.0,3470.0,60845.1666,asks
873.0,1617354528608000.0,6530.0,60845.6667,asks
874.0,1617354529619000.0,3470.0,60845.1666,asks
875.0,1617354529619000.0,6530.0,60845.6667,asks
876.0,1617354531119000.0,2000.0,60844.1664,asks
877.0,1617354531119000.0,3470.0,60845.1666,asks
878.0,1617354531119000.0,4530.0,60847.6671,asks
879.0,1617354532461000.0,2000.0,60844.1664,asks
880.0,1617354532461000.0,8000.0,60844.6665,asks
881.0,1617354533574000.0,2600.0,60844.1664,asks
882.0,1617354533574000.0,7400.0,60844.6665,asks
883.0,1617354534652000.0,2600.0,60844.1664,asks
884.0,1617354534652000.0,7400.0,60844.6665,asks
885.0,1617354535654000.0,2600.0,60844.1664,asks
886.0,1617354535654000.0,7400.0,60844.6665,asks
887.0,1617354536662000.0,2600.0,60844.1664,asks
888.0,1617354536662000.0,7400.0,60844.6665,asks
889.0,1617354537735000.0,2840.0,60844.1664,asks
890.0,1617354537735000.0,7160.0,60844.6665,asks
891.0,1617354538857000.0,2840.0,60844.1664,asks
892.0,1617354538857000.0,7160.0,60844.6665,asks
893.0,1617354540203000.0,2600.0,60844.1664,asks
894.0,1617354540203000.0,240.0,60847.167,asks
895.0,1617354540203000.0,7160.0,60847.6671,asks
896.0,1617354541698000.0,2600.0,60844.1664,asks
897.0,1617354541698000.0,7400.0,60844.6665,asks
898.0,1617354543562000.0,2600.0,60844.1664,asks
899.0,1617354543562000.0,7400.0,60844.6665,asks
900.0,1617354544740000.0,2840.0,60844.1664,asks
901.0,1617354544740000.0,7160.0,60844.6665,asks
902.0,1617354546264000.0,2000.0,60844.1664,asks
903.0,1617354546264000.0,240.0,60847.167,asks
904.0,1617354546264000.0,7760.0,60847.6671,asks
905.0,1617354547291000.0,240.0,60847.167,asks
906.0,1617354547291000.0,9760.0,60847.6671,asks
907.0,1617354549759000.0,220.0,60847.167,asks
908.0,1617354549759000.0,9780.0,60847.6671,asks
909.0,1617354550764000.0,220.0,60847.167,asks
910.0,1617354550764000.0,9780.0,60847.6671,asks
911.0,1617354552654000.0,220.0,60847.167,asks
912.0,1617354552654000.0,9780.0,60847.6671,asks
913.0,1617354553784000.0,220.0,60847.167,asks
914.0,1617354553784000.0,9780.0,60847.6671,asks
915.0,1617354555160000.0,220.0,60847.167,asks
916.0,1617354555160000.0,9780.0,60847.6671,asks
917.0,1617354556796000.0,220.0,60847.167,asks
918.0,1617354556796000.0,9780.0,60847.6671,asks
919.0,1617354557803000.0,220.0,60847.167,asks
920.0,1617354557803000.0,9780.0,60847.6671,asks
921.0,1617354558820000.0,220.0,60847.167,asks
922.0,1617354558820000.0,9780.0,60847.6671,asks
923.0,1617354559827000.0,220.0,60847.167,asks
924.0,1617354559827000.0,9780.0,60847.6671,asks
925.0,1617354561127000.0,220.0,60847.167,asks
926.0,1617354561127000.0,9780.0,60847.6671,asks
927.0,1617354562159000.0,220.0,60847.167,asks
928.0,1617354562159000.0,9780.0,60847.6671,asks
929.0,1617354564864000.0,10000.0,60847.6671,asks
930.0,1617354565867000.0,10000.0,60847.6671,asks
931.0,1617354567880000.0,10000.0,60847.6671,asks
932.0,1617354568887000.0,2000.0,60838.1652,asks
933.0,1617354568887000.0,8000.0,60838.6653,asks
934.0,1617354570268000.0,2000.0,60838.1652,asks
935.0,1617354570268000.0,6000.0,60841.6659,asks
936.0,1617354570268000.0,2000.0,60847.6671,asks
937.0,1617354571394000.0,10000.0,60847.6671,asks
938.0,1617354573923000.0,10000.0,60847.6671,asks
939.0,1617354574933000.0,10000.0,60847.6671,asks
940.0,1617354575938000.0,10000.0,60847.6671,asks
941.0,1617354576944000.0,10000.0,60847.6671,asks
942.0,1617354577950000.0,10000.0,60847.6671,asks
943.0,1617354578986000.0,2000.0,60850.6677,asks
944.0,1617354578986000.0,8000.0,60853.6683,asks
945.0,1617354580130000.0,2000.0,60862.6701,asks
946.0,1617354580130000.0,8000.0,60865.6707,asks
947.0,1617354581632000.0,2000.0,60862.6701,asks
948.0,1617354581632000.0,6000.0,60880.6737,asks
949.0,1617354581632000.0,2000.0,60885.1746,asks
950.0,1617354582735000.0,2000.0,60862.6701,asks
951.0,1617354582735000.0,6000.0,60880.6737,asks
952.0,1617354582735000.0,2000.0,60885.1746,asks
953.0,1617354583994000.0,2000.0,60862.6701,asks
954.0,1617354583994000.0,8000.0,60863.1702,asks
955.0,1617354585337000.0,2000.0,60862.6701,asks
956.0,1617354585337000.0,6000.0,60868.6713,asks
957.0,1617354585337000.0,2000.0,60885.1746,asks
958.0,1617354586899000.0,2000.0,60862.6701,asks
959.0,1617354586899000.0,6000.0,60868.6713,asks
960.0,1617354586899000.0,2000.0,60885.1746,asks
961.0,1617354588022000.0,2000.0,60862.6701,asks
962.0,1617354588022000.0,8000.0,60863.1702,asks
963.0,1617354589029000.0,2000.0,60862.6701,asks
964.0,1617354589029000.0,8000.0,60863.1702,asks
965.0,1617354590719000.0,2000.0,60862.6701,asks
966.0,1617354590719000.0,8000.0,60863.1702,asks
967.0,1617354592045000.0,2000.0,60862.6701,asks
968.0,1617354592045000.0,8000.0,60863.1702,asks
969.0,1617354593047000.0,2000.0,60862.6701,asks
970.0,1617354593047000.0,8000.0,60865.1706,asks
971.0,1617354594064000.0,2000.0,60862.6701,asks
972.0,1617354594064000.0,8000.0,60863.1702,asks
973.0,1617354595070000.0,2000.0,60862.6701,asks
974.0,1617354595070000.0,8000.0,60863.1702,asks
975.0,1617354596080000.0,2000.0,60862.6701,asks
976.0,1617354596080000.0,8000.0,60863.1702,asks
977.0,1617354597082000.0,2000.0,60862.6701,asks
978.0,1617354597082000.0,8000.0,60863.1702,asks
979.0,1617354598090000.0,2000.0,60862.6701,asks
980.0,1617354598090000.0,8000.0,60863.1702,asks
981.0,1617354599097000.0,2000.0,60862.6701,asks
982.0,1617354599097000.0,8000.0,60863.1702,asks
983.0,1617354600098000.0,2000.0,60862.6701,asks
984.0,1617354600098000.0,6000.0,60868.6713,asks
985.0,1617354600098000.0,2000.0,60885.1746,asks
986.0,1617354601115000.0,2000.0,60862.6701,asks
987.0,1617354601115000.0,8000.0,60863.1702,asks
988.0,1617354602119000.0,2000.0,60862.6701,asks
989.0,1617354602119000.0,8000.0,60863.1702,asks
990.0,1617354603128000.0,2000.0,60862.6701,asks
991.0,1617354603128000.0,8000.0,60863.1702,asks
992.0,1617354604134000.0,2000.0,60862.6701,asks
993.0,1617354604134000.0,8000.0,60863.1702,asks
994.0,1617354605135000.0,2000.0,60862.6701,asks
995.0,1617354605135000.0,8000.0,60863.1702,asks
996.0,1617354606147000.0,2000.0,60862.6701,asks
997.0,1617354606147000.0,8000.0,60863.1702,asks
998.0,1617354607153000.0,2000.0,60862.6701,asks
999.0,1617354607153000.0,8000.0,60863.1702,asks
1000.0,1617354608159000.0,2000.0,60862.6701,asks
1001.0,1617354608159000.0,8000.0,60863.1702,asks
1002.0,1617354609190000.0,2000.0,60862.6701,asks
1003.0,1617354609190000.0,8000.0,60863.1702,asks
1004.0,1617354611185000.0,2000.0,60862.6701,asks
1005.0,1617354611185000.0,8000.0,60863.1702,asks
1006.0,1617354612370000.0,10000.0,60862.6701,asks
1007.0,1617354613864000.0,2000.0,60862.6701,asks
1008.0,1617354613864000.0,8000.0,60863.1702,asks
1009.0,1617354615645000.0,2000.0,60862.6701,asks
1010.0,1617354615645000.0,8000.0,60863.1702,asks
1011.0,1617354616671000.0,500.0,60862.6701,asks
1012.0,1617354616671000.0,9500.0,60865.1706,asks
1013.0,1617354618657000.0,500.0,60862.6701,asks
1014.0,1617354618657000.0,2000.0,60874.6725,asks
1015.0,1617354618657000.0,6000.0,60880.6737,asks
1016.0,1617354618657000.0,1500.0,60885.1746,asks
1017.0,1617354620244000.0,500.0,60862.6701,asks
1018.0,1617354620244000.0,9500.0,60863.1702,asks
1019.0,1617354621256000.0,500.0,60862.6701,asks
1020.0,1617354621256000.0,9500.0,60863.1702,asks
1021.0,1617354622455000.0,500.0,60863.1702,asks
1022.0,1617354622455000.0,2000.0,60874.6725,asks
1023.0,1617354622455000.0,6000.0,60880.6737,asks
1024.0,1617354622455000.0,1500.0,60885.1746,asks
1025.0,1617354623970000.0,500.0,60863.1702,asks
1026.0,1617354623970000.0,9500.0,60863.6703,asks
1027.0,1617354625410000.0,500.0,60863.1702,asks
1028.0,1617354625410000.0,9500.0,60863.6703,asks
1029.0,1617354627586000.0,500.0,60863.6703,asks
1030.0,1617354627586000.0,9500.0,60864.1704,asks
1031.0,1617354629092000.0,500.0,60863.6703,asks
1032.0,1617354629092000.0,2000.0,60874.6725,asks
1033.0,1617354629092000.0,6000.0,60880.6737,asks
1034.0,1617354629092000.0,1500.0,60885.1746,asks
1035.0,1617354631175000.0,500.0,60863.6703,asks
1036.0,1617354631175000.0,9500.0,60864.1704,asks
1037.0,1617354632252000.0,500.0,60863.6703,asks
1038.0,1617354632252000.0,2000.0,60874.6725,asks
1039.0,1617354632252000.0,6000.0,60880.6737,asks
1040.0,1617354632252000.0,1500.0,60885.1746,asks
1041.0,1617354634254000.0,2500.0,60874.6725,asks
1042.0,1617354634254000.0,7500.0,60875.1726,asks
1043.0,1617354635351000.0,2500.0,60874.6725,asks
1044.0,1617354635351000.0,7500.0,60875.1726,asks
1045.0,1617354637373000.0,2500.0,60874.6725,asks
1046.0,1617354637373000.0,7500.0,60875.1726,asks
1047.0,1617354639372000.0,2500.0,60874.6725,asks
1048.0,1617354639372000.0,6000.0,60880.6737,asks
1049.0,1617354639372000.0,1500.0,60885.1746,asks
1050.0,1617354640383000.0,2500.0,60874.6725,asks
1051.0,1617354640383000.0,7500.0,60875.1726,asks
1052.0,1617354641392000.0,500.0,60874.6725,asks
1053.0,1617354641392000.0,9500.0,60875.1726,asks
1054.0,1617354642394000.0,500.0,60874.6725,asks
1055.0,1617354642394000.0,2000.0,60875.1726,asks
1056.0,1617354642394000.0,6000.0,60882.6741,asks
1057.0,1617354642394000.0,1500.0,60885.1746,asks
1058.0,1617354643449000.0,500.0,60874.6725,asks
1059.0,1617354643449000.0,9500.0,60875.1726,asks
1060.0,1617354645247000.0,2500.0,60875.1726,asks
1061.0,1617354645247000.0,6000.0,60882.6741,asks
1062.0,1617354645247000.0,1500.0,60885.1746,asks
1063.0,1617354646422000.0,2500.0,60875.1726,asks
1064.0,1617354646422000.0,7500.0,60875.6727,asks
1065.0,1617354647442000.0,2500.0,60875.1726,asks
1066.0,1617354647442000.0,7500.0,60875.6727,asks
1067.0,1617354648448000.0,2500.0,60875.1726,asks
1068.0,1617354648448000.0,7500.0,60875.6727,asks
1069.0,1617354649450000.0,2500.0,60875.1726,asks
1070.0,1617354649450000.0,7500.0,60875.6727,asks
1071.0,1617354650466000.0,2500.0,60875.1726,asks
1072.0,1617354650466000.0,7500.0,60875.6727,asks
1073.0,1617354652477000.0,500.0,60875.1726,asks
1074.0,1617354652477000.0,9500.0,60875.6727,asks
1075.0,1617354653482000.0,500.0,60875.1726,asks
1076.0,1617354653482000.0,9500.0,60875.6727,asks
1077.0,1617354654489000.0,500.0,60875.1726,asks
1078.0,1617354654489000.0,9500.0,60894.1764,asks
1079.0,1617354655585000.0,500.0,60875.1726,asks
1080.0,1617354655585000.0,9500.0,60894.1764,asks
1081.0,1617354656590000.0,500.0,60875.1726,asks
1082.0,1617354656590000.0,2000.0,60913.6803,asks
1083.0,1617354656590000.0,6000.0,60922.182,asks
1084.0,1617354656590000.0,1500.0,60930.6837,asks
1085.0,1617354657673000.0,10000.0,60897.6771,asks
1086.0,1617354658931000.0,10000.0,60897.6771,asks
1087.0,1617354660416000.0,500.0,60913.6803,asks
1088.0,1617354660416000.0,9500.0,60914.1804,asks
1089.0,1617354661479000.0,500.0,60913.6803,asks
1090.0,1617354661479000.0,9500.0,60914.1804,asks
1091.0,1617354662545000.0,500.0,60913.6803,asks
1092.0,1617354662545000.0,9500.0,60914.1804,asks
1093.0,1617354663551000.0,10000.0,60914.1804,asks
1094.0,1617354664782000.0,10000.0,60874.1724,asks
1095.0,1617354665870000.0,10000.0,60874.1724,asks
1096.0,1617354666977000.0,10000.0,60874.1724,asks
1097.0,1617354668089000.0,100.0,60873.6723,asks
1098.0,1617354668089000.0,9900.0,60874.1724,asks
1099.0,1617354669365000.0,10000.0,60874.1724,asks
1100.0,1617354670870000.0,10000.0,60874.1724,asks
1101.0,1617354672056000.0,10000.0,60874.1724,asks
1102.0,1617354673175000.0,10000.0,60874.1724,asks
1103.0,1617354674799000.0,10000.0,60864.1704,asks
1104.0,1617354675935000.0,1050.0,60873.6723,asks
1105.0,1617354675935000.0,8950.0,60874.1724,asks
1106.0,1617354677657000.0,1050.0,60873.6723,asks
1107.0,1617354677657000.0,8950.0,60874.1724,asks
1108.0,1617354678663000.0,1050.0,60873.6723,asks
1109.0,1617354678663000.0,8950.0,60874.1724,asks
1110.0,1617354679720000.0,1050.0,60873.6723,asks
1111.0,1617354679720000.0,8950.0,60874.1724,asks
1112.0,1617354681678000.0,1050.0,60873.6723,asks
1113.0,1617354681678000.0,8950.0,60874.1724,asks
1114.0,1617354682691000.0,1050.0,60873.6723,asks
1115.0,1617354682691000.0,8950.0,60874.1724,asks
1116.0,1617354684197000.0,1050.0,60873.6723,asks
1117.0,1617354684197000.0,8950.0,60874.1724,asks
1118.0,1617354685281000.0,980.0,60873.6723,asks
1119.0,1617354685281000.0,9020.0,60874.1724,asks
1120.0,1617354686295000.0,980.0,60873.6723,asks
1121.0,1617354686295000.0,9020.0,60874.1724,asks
1122.0,1617354687725000.0,980.0,60873.6723,asks
1123.0,1617354687725000.0,9020.0,60874.1724,asks
1124.0,1617354689671000.0,980.0,60873.6723,asks
1125.0,1617354689671000.0,9020.0,60874.1724,asks
1126.0,1617354690740000.0,980.0,60873.6723,asks
1127.0,1617354690740000.0,9020.0,60874.1724,asks
1128.0,1617354691750000.0,980.0,60873.6723,asks
1129.0,1617354691750000.0,9020.0,60874.1724,asks
1130.0,1617354693760000.0,980.0,60873.6723,asks
1131.0,1617354693760000.0,9020.0,60874.1724,asks
1132.0,1617354694769000.0,980.0,60873.6723,asks
1133.0,1617354694769000.0,9020.0,60874.1724,asks
1134.0,1617354696698000.0,980.0,60873.6723,asks
1135.0,1617354696698000.0,9020.0,60874.1724,asks
1136.0,1617354697808000.0,10000.0,60874.1724,asks
1137.0,1617354698821000.0,730.0,60873.6723,asks
1138.0,1617354698821000.0,9270.0,60874.1724,asks
1139.0,1617354700285000.0,730.0,60873.6723,asks
1140.0,1617354700285000.0,9270.0,60874.1724,asks
1141.0,1617354701357000.0,10000.0,60874.1724,asks
1142.0,1617354702359000.0,730.0,60873.6723,asks
1143.0,1617354702359000.0,9270.0,60874.1724,asks
1144.0,1617354703783000.0,730.0,60873.6723,asks
1145.0,1617354703783000.0,9270.0,60874.1724,asks
1146.0,1617354704842000.0,730.0,60873.6723,asks
1147.0,1617354704842000.0,9270.0,60874.1724,asks
1148.0,1617354705848000.0,730.0,60873.6723,asks
1149.0,1617354705848000.0,9270.0,60874.1724,asks
1150.0,1617354707058000.0,730.0,60873.6723,asks
1151.0,1617354707058000.0,9270.0,60874.1724,asks
1152.0,1617354708864000.0,10000.0,60874.1724,asks
1153.0,1617354710879000.0,730.0,60873.6723,asks
1154.0,1617354710879000.0,9270.0,60874.1724,asks
1155.0,1617354711884000.0,10000.0,60874.1724,asks
1156.0,1617354712919000.0,2000.0,60891.1758,asks
1157.0,1617354712919000.0,730.0,60892.6761,asks
1158.0,1617354712919000.0,7270.0,60893.1762,asks
1159.0,1617354714067000.0,2000.0,60891.1758,asks
1160.0,1617354714067000.0,8000.0,60891.6759,asks
1161.0,1617354715914000.0,2000.0,60891.1758,asks
1162.0,1617354715914000.0,8000.0,60891.6759,asks
1163.0,1617354716920000.0,2000.0,60891.1758,asks
1164.0,1617354716920000.0,8000.0,60891.6759,asks
1165.0,1617354717933000.0,2000.0,60891.1758,asks
1166.0,1617354717933000.0,8000.0,60891.6759,asks
1167.0,1617354718943000.0,2830.0,60891.1758,asks
1168.0,1617354718943000.0,7170.0,60891.6759,asks
1169.0,1617354719946000.0,2000.0,60891.1758,asks
1170.0,1617354719946000.0,8000.0,60891.6759,asks
1171.0,1617354720951000.0,2830.0,60891.1758,asks
1172.0,1617354720951000.0,7170.0,60891.6759,asks
1173.0,1617354721955000.0,2000.0,60891.1758,asks
1174.0,1617354721955000.0,8000.0,60891.6759,asks
1175.0,1617354722970000.0,2000.0,60891.1758,asks
1176.0,1617354722970000.0,8000.0,60891.6759,asks
1177.0,1617354723973000.0,2000.0,60891.1758,asks
1178.0,1617354723973000.0,8000.0,60891.6759,asks
1179.0,1617354724974000.0,2000.0,60891.1758,asks
1180.0,1617354724974000.0,8000.0,60891.6759,asks
1181.0,1617354726399000.0,2960.0,60891.1758,asks
1182.0,1617354726399000.0,7040.0,60891.6759,asks
1183.0,1617354727791000.0,2960.0,60891.1758,asks
1184.0,1617354727791000.0,7040.0,60891.6759,asks
1185.0,1617354729376000.0,2000.0,60891.1758,asks
1186.0,1617354729376000.0,8000.0,60891.6759,asks
1187.0,1617354730499000.0,2960.0,60891.1758,asks
1188.0,1617354730499000.0,7040.0,60893.1762,asks
1189.0,1617354731536000.0,2000.0,60891.1758,asks
1190.0,1617354731536000.0,960.0,60892.6761,asks
1191.0,1617354731536000.0,7040.0,60893.1762,asks
1192.0,1617354732553000.0,2960.0,60891.1758,asks
1193.0,1617354732553000.0,7040.0,60891.6759,asks
1194.0,1617354733897000.0,2960.0,60891.1758,asks
1195.0,1617354733897000.0,7040.0,60893.1762,asks
1196.0,1617354735052000.0,2500.0,60891.1758,asks
1197.0,1617354735052000.0,960.0,60892.6761,asks
1198.0,1617354735052000.0,6540.0,60893.1762,asks
1199.0,1617354736057000.0,2500.0,60891.1758,asks
1200.0,1617354736057000.0,7500.0,60891.6759,asks
1201.0,1617354737084000.0,2500.0,60891.1758,asks
1202.0,1617354737084000.0,7500.0,60891.6759,asks
1203.0,1617354738284000.0,2500.0,60891.1758,asks
1204.0,1617354738284000.0,7500.0,60893.1762,asks
1205.0,1617354739667000.0,3670.0,60891.1758,asks
1206.0,1617354739667000.0,6330.0,60891.6759,asks
1207.0,1617354740874000.0,3670.0,60891.1758,asks
1208.0,1617354740874000.0,6330.0,60891.6759,asks
1209.0,1617354742091000.0,2500.0,60891.1758,asks
1210.0,1617354742091000.0,7500.0,60893.1762,asks
1211.0,1617354743495000.0,2500.0,60891.1758,asks
1212.0,1617354743495000.0,1080.0,60892.6761,asks
1213.0,1617354743495000.0,6420.0,60893.1762,asks
1214.0,1617354744879000.0,2500.0,60891.1758,asks
1215.0,1617354744879000.0,1080.0,60892.6761,asks
1216.0,1617354744879000.0,6420.0,60893.1762,asks
1217.0,1617354746126000.0,2500.0,60891.1758,asks
1218.0,1617354746126000.0,7500.0,60891.6759,asks
1219.0,1617354747617000.0,2500.0,60891.1758,asks
1220.0,1617354747617000.0,1080.0,60892.6761,asks
1221.0,1617354747617000.0,6420.0,60893.1762,asks
1222.0,1617354748799000.0,2500.0,60891.1758,asks
1223.0,1617354748799000.0,7500.0,60893.1762,asks
1224.0,1617354750127000.0,2000.0,60878.6733,asks
1225.0,1617354750127000.0,500.0,60891.1758,asks
1226.0,1617354750127000.0,1080.0,60892.6761,asks
1227.0,1617354750127000.0,6420.0,60893.1762,asks
1228.0,1617354751161000.0,2000.0,60878.6733,asks
1229.0,1617354751161000.0,8000.0,60879.1734,asks
1230.0,1617354752795000.0,2000.0,60878.6733,asks
1231.0,1617354752795000.0,8000.0,60879.1734,asks
1232.0,1617354753973000.0,10000.0,60837.6651,asks
1233.0,1617354755209000.0,10000.0,60837.6651,asks
1234.0,1617354756282000.0,10000.0,60837.6651,asks
1235.0,1617354757600000.0,1470.0,60837.165,asks
1236.0,1617354757600000.0,8530.0,60837.6651,asks
1237.0,1617354758738000.0,1470.0,60837.165,asks
1238.0,1617354758738000.0,8530.0,60837.6651,asks
1239.0,1617354759746000.0,1470.0,60837.165,asks
1240.0,1617354759746000.0,8530.0,60837.6651,asks
1241.0,1617354761299000.0,1470.0,60837.165,asks
1242.0,1617354761299000.0,8530.0,60837.6651,asks
1243.0,1617354762922000.0,1470.0,60837.165,asks
1244.0,1617354762922000.0,8530.0,60837.6651,asks
1245.0,1617354764609000.0,1470.0,60837.165,asks
1246.0,1617354764609000.0,8530.0,60837.6651,asks
1247.0,1617354765899000.0,1470.0,60837.165,asks
1248.0,1617354765899000.0,8530.0,60837.6651,asks
1249.0,1617354766914000.0,500.0,60837.165,asks
1250.0,1617354766914000.0,9500.0,60837.6651,asks
1251.0,1617354767991000.0,1970.0,60837.165,asks
1252.0,1617354767991000.0,8030.0,60837.6651,asks
1253.0,1617354769298000.0,1970.0,60837.165,asks
1254.0,1617354769298000.0,8030.0,60837.6651,asks
1255.0,1617354770499000.0,1970.0,60837.165,asks
1256.0,1617354770499000.0,8030.0,60837.6651,asks
1257.0,1617354771597000.0,1970.0,60837.165,asks
1258.0,1617354771597000.0,8030.0,60837.6651,asks
1259.0,1617354772799000.0,1970.0,60837.165,asks
1260.0,1617354772799000.0,8030.0,60837.6651,asks
1261.0,1617354774199000.0,1970.0,60837.165,asks
1262.0,1617354774199000.0,8030.0,60837.6651,asks
1263.0,1617354775293000.0,1970.0,60837.165,asks
1264.0,1617354775293000.0,8030.0,60837.6651,asks
1265.0,1617354776337000.0,1970.0,60837.165,asks
1266.0,1617354776337000.0,8030.0,60837.6651,asks
1267.0,1617354777346000.0,1970.0,60837.165,asks
1268.0,1617354777346000.0,8030.0,60837.6651,asks
1269.0,1617354778350000.0,1970.0,60837.165,asks
1270.0,1617354778350000.0,8030.0,60837.6651,asks
1271.0,1617354779357000.0,1970.0,60837.165,asks
1272.0,1617354779357000.0,8030.0,60837.6651,asks
1273.0,1617354780364000.0,1970.0,60837.165,asks
1274.0,1617354780364000.0,8030.0,60837.6651,asks
1275.0,1617354781375000.0,1970.0,60837.165,asks
1276.0,1617354781375000.0,8030.0,60837.6651,asks
1277.0,1617354782380000.0,500.0,60837.165,asks
1278.0,1617354782380000.0,9500.0,60837.6651,asks
1279.0,1617354783386000.0,1810.0,60837.165,asks
1280.0,1617354783386000.0,8190.0,60837.6651,asks
1281.0,1617354784390000.0,1310.0,60837.165,asks
1282.0,1617354784390000.0,8690.0,60837.6651,asks
1283.0,1617354785394000.0,1310.0,60837.165,asks
1284.0,1617354785394000.0,8690.0,60837.6651,asks
1285.0,1617354786404000.0,10000.0,60837.6651,asks
1286.0,1617354787414000.0,1310.0,60837.165,asks
1287.0,1617354787414000.0,8690.0,60837.6651,asks
1288.0,1617354788444000.0,1310.0,60837.165,asks
1289.0,1617354788444000.0,8690.0,60837.6651,asks
1290.0,1617354789865000.0,1810.0,60837.165,asks
1291.0,1617354789865000.0,8190.0,60837.6651,asks
1292.0,1617354791098000.0,1810.0,60837.165,asks
1293.0,1617354791098000.0,8190.0,60837.6651,asks
1294.0,1617354792451000.0,1810.0,60837.165,asks
1295.0,1617354792451000.0,8190.0,60837.6651,asks
1296.0,1617354793455000.0,1810.0,60837.165,asks
1297.0,1617354793455000.0,8190.0,60837.6651,asks
1298.0,1617354795468000.0,1810.0,60837.165,asks
1299.0,1617354795468000.0,8190.0,60837.6651,asks
1300.0,1617354796477000.0,1310.0,60837.165,asks
1301.0,1617354796477000.0,8690.0,60837.6651,asks
1302.0,1617354798494000.0,1310.0,60837.165,asks
1303.0,1617354798494000.0,8690.0,60837.6651,asks
1304.0,1617354799497000.0,1310.0,60837.165,asks
1305.0,1617354799497000.0,8690.0,60837.6651,asks
1306.0,1617354800499000.0,1310.0,60837.165,asks
1307.0,1617354800499000.0,8690.0,60837.6651,asks
1308.0,1617354801513000.0,1310.0,60837.165,asks
1309.0,1617354801513000.0,8690.0,60837.6651,asks
1310.0,1617354802516000.0,1310.0,60837.165,asks
1311.0,1617354802516000.0,8690.0,60837.6651,asks
1312.0,1617354803519000.0,1310.0,60837.165,asks
1313.0,1617354803519000.0,8690.0,60837.6651,asks
1314.0,1617354804531000.0,1310.0,60837.165,asks
1315.0,1617354804531000.0,8690.0,60837.6651,asks
1316.0,1617354805538000.0,1310.0,60837.165,asks
1317.0,1617354805538000.0,8690.0,60837.6651,asks
1318.0,1617354806540000.0,500.0,60837.165,asks
1319.0,1617354806540000.0,9500.0,60837.6651,asks
1320.0,1617354807555000.0,2040.0,60837.165,asks
1321.0,1617354807555000.0,7960.0,60837.6651,asks
1322.0,1617354808567000.0,500.0,60837.165,asks
1323.0,1617354808567000.0,9500.0,60837.6651,asks
1324.0,1617354810575000.0,2040.0,60837.165,asks
1325.0,1617354810575000.0,7960.0,60837.6651,asks
1326.0,1617354812588000.0,2040.0,60837.165,asks
1327.0,1617354812588000.0,7960.0,60837.6651,asks
1328.0,1617354814597000.0,2040.0,60837.165,asks
1329.0,1617354814597000.0,7960.0,60837.6651,asks
1330.0,1617354815611000.0,2040.0,60837.165,asks
1331.0,1617354815611000.0,7960.0,60837.6651,asks
1332.0,1617354816782000.0,500.0,60837.165,asks
1333.0,1617354816782000.0,9500.0,60849.6675,asks
1334.0,1617354817878000.0,2040.0,60837.165,asks
1335.0,1617354817878000.0,7960.0,60837.6651,asks
1336.0,1617354819125000.0,500.0,60837.6651,asks
1337.0,1617354819125000.0,1540.0,60849.1674,asks
1338.0,1617354819125000.0,7960.0,60849.6675,asks
1339.0,1617354820192000.0,500.0,60837.6651,asks
1340.0,1617354820192000.0,9500.0,60838.1652,asks
1341.0,1617354821559000.0,500.0,60837.6651,asks
1342.0,1617354821559000.0,9500.0,60849.6675,asks
1343.0,1617354822589000.0,500.0,60837.6651,asks
1344.0,1617354822589000.0,9500.0,60849.6675,asks
1345.0,1617354823674000.0,1320.0,60837.6651,asks
1346.0,1617354823674000.0,8680.0,60838.1652,asks
1347.0,1617354824677000.0,500.0,60837.6651,asks
1348.0,1617354824677000.0,9500.0,60838.1652,asks
1349.0,1617354825780000.0,2560.0,60846.1668,asks
1350.0,1617354825780000.0,7440.0,60849.6675,asks
1351.0,1617354826981000.0,3380.0,60846.1668,asks
1352.0,1617354826981000.0,6620.0,60846.6669,asks
1353.0,1617354828088000.0,2560.0,60846.1668,asks
1354.0,1617354828088000.0,7440.0,60846.6669,asks
1355.0,1617354829468000.0,2560.0,60846.1668,asks
1356.0,1617354829468000.0,7440.0,60846.6669,asks
1357.0,1617354830684000.0,1100.0,60828.1632,asks
1358.0,1617354830684000.0,8900.0,60828.6633,asks
1359.0,1617354831796000.0,1100.0,60828.1632,asks
1360.0,1617354831796000.0,8900.0,60828.6633,asks
1361.0,1617354832950000.0,1100.0,60828.1632,asks
1362.0,1617354832950000.0,8900.0,60828.6633,asks
1363.0,1617354834746000.0,1100.0,60811.1598,asks
1364.0,1617354834746000.0,8900.0,60811.6599,asks
1365.0,1617354835753000.0,1100.0,60828.1632,asks
1366.0,1617354835753000.0,8900.0,60828.6633,asks
1367.0,1617354837598000.0,1100.0,60828.1632,asks
1368.0,1617354837598000.0,8900.0,60828.6633,asks
1369.0,1617354838775000.0,1100.0,60828.1632,asks
1370.0,1617354838775000.0,8900.0,60828.6633,asks
1371.0,1617354839779000.0,1100.0,60828.1632,asks
1372.0,1617354839779000.0,8900.0,60828.6633,asks
1373.0,1617354840790000.0,1100.0,60828.1632,asks
1374.0,1617354840790000.0,8900.0,60828.6633,asks
1375.0,1617354841792000.0,1100.0,60828.1632,asks
1376.0,1617354841792000.0,8900.0,60828.6633,asks
1377.0,1617354842793000.0,1100.0,60828.1632,asks
1378.0,1617354842793000.0,8900.0,60828.6633,asks
1379.0,1617354843808000.0,1600.0,60828.1632,asks
1380.0,1617354843808000.0,8400.0,60828.6633,asks
1381.0,1617354844938000.0,500.0,60828.1632,asks
1382.0,1617354844938000.0,9500.0,60828.6633,asks
1383.0,1617354846828000.0,1940.0,60828.1632,asks
1384.0,1617354846828000.0,8060.0,60828.6633,asks
1385.0,1617354847862000.0,2000.0,60826.1628,asks
1386.0,1617354847862000.0,500.0,60828.1632,asks
1387.0,1617354847862000.0,7500.0,60828.6633,asks
1388.0,1617354848973000.0,1860.0,60813.6603,asks
1389.0,1617354848973000.0,2000.0,60826.1628,asks
1390.0,1617354848973000.0,500.0,60828.1632,asks
1391.0,1617354848973000.0,5640.0,60828.6633,asks
1392.0,1617354850047000.0,1440.0,60785.6547,asks
1393.0,1617354850047000.0,8560.0,60786.1548,asks
1394.0,1617354851095000.0,1440.0,60785.6547,asks
1395.0,1617354851095000.0,8560.0,60786.1548,asks
1396.0,1617354852877000.0,1440.0,60785.6547,asks
1397.0,1617354852877000.0,8560.0,60786.1548,asks
1398.0,1617354854718000.0,1000.0,60785.6547,asks
1399.0,1617354854718000.0,9000.0,60786.1548,asks
1400.0,1617354855897000.0,1000.0,60785.6547,asks
1401.0,1617354855897000.0,9000.0,60786.1548,asks
1402.0,1617354856999000.0,1000.0,60785.6547,asks
1403.0,1617354856999000.0,9000.0,60786.1548,asks
1404.0,1617354858106000.0,10000.0,60786.1548,asks
1405.0,1617354859916000.0,620.0,60785.6547,asks
1406.0,1617354859916000.0,9380.0,60786.1548,asks
1407.0,1617354860971000.0,620.0,60785.6547,asks
1408.0,1617354860971000.0,9380.0,60786.1548,asks
1409.0,1617354862322000.0,620.0,60785.6547,asks
1410.0,1617354862322000.0,9380.0,60786.1548,asks
1411.0,1617354863477000.0,620.0,60785.6547,asks
1412.0,1617354863477000.0,9380.0,60786.1548,asks
1413.0,1617354864957000.0,620.0,60785.6547,asks
1414.0,1617354864957000.0,9380.0,60786.1548,asks
1415.0,1617354865969000.0,620.0,60785.6547,asks
1416.0,1617354865969000.0,9380.0,60786.1548,asks
1417.0,1617354866970000.0,620.0,60785.6547,asks
1418.0,1617354866970000.0,9380.0,60786.1548,asks
1419.0,1617354867980000.0,620.0,60785.6547,asks
1420.0,1617354867980000.0,9380.0,60786.1548,asks
1421.0,1617354868998000.0,10000.0,60726.1428,asks
1422.0,1617354870039000.0,10000.0,60757.149,asks
1423.0,1617354871196000.0,1910.0,60756.6489,asks
1424.0,1617354871196000.0,8090.0,60757.149,asks
1425.0,1617354872349000.0,2520.0,60756.6489,asks
1426.0,1617354872349000.0,7480.0,60757.149,asks
1427.0,1617354873468000.0,2520.0,60756.6489,asks
1428.0,1617354873468000.0,7480.0,60757.149,asks
1429.0,1617354874865000.0,1910.0,60756.6489,asks
1430.0,1617354874865000.0,8090.0,60757.149,asks
1431.0,1617354876050000.0,500.0,60756.6489,asks
1432.0,1617354876050000.0,9500.0,60757.149,asks
1433.0,1617354877194000.0,2330.0,60756.6489,asks
1434.0,1617354877194000.0,7670.0,60757.149,asks
1435.0,1617354878389000.0,2330.0,60756.6489,asks
1436.0,1617354878389000.0,7670.0,60757.149,asks
1437.0,1617354879559000.0,500.0,60756.6489,asks
1438.0,1617354879559000.0,9500.0,60757.149,asks
1439.0,1617354880589000.0,1190.0,60754.6485,asks
1440.0,1617354880589000.0,8810.0,60755.1486,asks
1441.0,1617354881896000.0,1190.0,60754.6485,asks
1442.0,1617354881896000.0,8810.0,60755.1486,asks
1443.0,1617354882995000.0,500.0,60756.6489,asks
1444.0,1617354882995000.0,9500.0,60757.149,asks
1445.0,1617354884092000.0,500.0,60754.6485,asks
1446.0,1617354884092000.0,9500.0,60755.1486,asks
1447.0,1617354885097000.0,2000.0,60753.6483,asks
1448.0,1617354885097000.0,8000.0,60754.1484,asks
1449.0,1617354886098000.0,3190.0,60753.6483,asks
1450.0,1617354886098000.0,500.0,60754.6485,asks
1451.0,1617354886098000.0,6310.0,60756.1488,asks
1452.0,1617354887116000.0,3190.0,60753.6483,asks
1453.0,1617354887116000.0,6810.0,60754.1484,asks
1454.0,1617354888120000.0,2000.0,60753.6483,asks
1455.0,1617354888120000.0,8000.0,60754.1484,asks
1456.0,1617354889199000.0,650.0,60753.6483,asks
1457.0,1617354889199000.0,9350.0,60754.1484,asks
1458.0,1617354890691000.0,500.0,60753.6483,asks
1459.0,1617354890691000.0,9500.0,60754.1484,asks
1460.0,1617354891998000.0,500.0,60753.6483,asks
1461.0,1617354891998000.0,9500.0,60754.1484,asks
1462.0,1617354893187000.0,500.0,60753.6483,asks
1463.0,1617354893187000.0,9500.0,60754.1484,asks
1464.0,1617354894371000.0,500.0,60753.6483,asks
1465.0,1617354894371000.0,2000.0,60765.6507,asks
1466.0,1617354894371000.0,6000.0,60771.6519,asks
1467.0,1617354894371000.0,1500.0,60786.6549,asks
1468.0,1617354896069000.0,660.0,60753.6483,asks
1469.0,1617354896069000.0,9340.0,60754.1484,asks
1470.0,1617354897099000.0,500.0,60753.6483,asks
1471.0,1617354897099000.0,2000.0,60765.6507,asks
1472.0,1617354897099000.0,6000.0,60771.6519,asks
1473.0,1617354897099000.0,1500.0,60781.1538,asks
1474.0,1617354898195000.0,660.0,60753.6483,asks
1475.0,1617354898195000.0,9340.0,60754.1484,asks
1476.0,1617354899196000.0,500.0,60753.6483,asks
1477.0,1617354899196000.0,9500.0,60754.1484,asks
1478.0,1617354900198000.0,500.0,60753.6483,asks
1479.0,1617354900198000.0,2000.0,60765.6507,asks
1480.0,1617354900198000.0,6000.0,60771.6519,asks
1481.0,1617354900198000.0,1500.0,60781.1538,asks
1482.0,1617354901237000.0,10000.0,60739.6455,asks
1483.0,1617354902506000.0,660.0,60753.6483,asks
1484.0,1617354902506000.0,9340.0,60754.1484,asks
1485.0,1617354903696000.0,160.0,60784.1544,asks
1486.0,1617354903696000.0,9840.0,60784.6545,asks
1487.0,1617354904768000.0,10000.0,60784.6545,asks
1488.0,1617354905900000.0,500.0,60784.6545,asks
1489.0,1617354905900000.0,2000.0,60786.6549,asks
1490.0,1617354905900000.0,6000.0,60789.6555,asks
1491.0,1617354905900000.0,1500.0,60812.6601,asks
1492.0,1617354907093000.0,500.0,60784.6545,asks
1493.0,1617354907093000.0,2000.0,60798.6573,asks
1494.0,1617354907093000.0,6000.0,60805.1586,asks
1495.0,1617354907093000.0,1500.0,60812.6601,asks
1496.0,1617354908276000.0,500.0,60784.6545,asks
1497.0,1617354908276000.0,9500.0,60785.1546,asks
1498.0,1617354909292000.0,2000.0,60798.6573,asks
1499.0,1617354909292000.0,8000.0,60812.6601,asks
1500.0,1617354910323000.0,500.0,60812.6601,asks
1501.0,1617354910323000.0,3860.0,60813.6603,asks
1502.0,1617354910323000.0,5640.0,60815.6607,asks
1503.0,1617354911425000.0,500.0,60812.6601,asks
1504.0,1617354911425000.0,3860.0,60813.6603,asks
1505.0,1617354911425000.0,5640.0,60815.6607,asks
1506.0,1617354912483000.0,500.0,60812.6601,asks
1507.0,1617354912483000.0,3860.0,60813.6603,asks
1508.0,1617354912483000.0,5640.0,60815.6607,asks
1509.0,1617354913517000.0,500.0,60812.6601,asks
1510.0,1617354913517000.0,9500.0,60813.1602,asks
1511.0,1617354914596000.0,2000.0,60798.6573,asks
1512.0,1617354914596000.0,6000.0,60804.6585,asks
1513.0,1617354914596000.0,2000.0,60812.6601,asks
1514.0,1617354915780000.0,2000.0,60798.6573,asks
1515.0,1617354915780000.0,6500.0,60804.6585,asks
1516.0,1617354915780000.0,1500.0,60812.6601,asks
1517.0,1617354916788000.0,2000.0,60798.6573,asks
1518.0,1617354916788000.0,6500.0,60804.6585,asks
1519.0,1617354916788000.0,1500.0,60812.6601,asks
1520.0,1617354917968000.0,2000.0,60798.6573,asks
1521.0,1617354917968000.0,6500.0,60804.6585,asks
1522.0,1617354917968000.0,1500.0,60812.6601,asks
1523.0,1617354919376000.0,10000.0,60784.6545,asks
1524.0,1617354920383000.0,10000.0,60784.6545,asks
1525.0,1617354921475000.0,2500.0,60798.6573,asks
1526.0,1617354921475000.0,6000.0,60804.6585,asks
1527.0,1617354921475000.0,1500.0,60828.1632,asks
1528.0,1617354922599000.0,2500.0,60798.6573,asks
1529.0,1617354922599000.0,7500.0,60799.1574,asks
1530.0,1617354923748000.0,10000.0,60786.6549,asks
1531.0,1617354925293000.0,10000.0,60786.6549,asks
1532.0,1617354926384000.0,2000.0,60784.6545,asks
1533.0,1617354926384000.0,8000.0,60786.6549,asks
1534.0,1617354927482000.0,2000.0,60784.6545,asks
1535.0,1617354927482000.0,8000.0,60786.6549,asks
1536.0,1617354928598000.0,2000.0,60784.6545,asks
1537.0,1617354928598000.0,8000.0,60786.6549,asks
1538.0,1617354929735000.0,2000.0,60784.6545,asks
1539.0,1617354929735000.0,500.0,60786.6549,asks
1540.0,1617354929735000.0,6000.0,60792.156,asks
1541.0,1617354929735000.0,1500.0,60806.1588,asks
1542.0,1617354931461000.0,2000.0,60784.6545,asks
1543.0,1617354931461000.0,8000.0,60785.1546,asks
1544.0,1617354932467000.0,2000.0,60784.6545,asks
1545.0,1617354932467000.0,8000.0,60785.1546,asks
1546.0,1617354933480000.0,2500.0,60784.6545,asks
1547.0,1617354933480000.0,7500.0,60785.1546,asks
1548.0,1617354934483000.0,2500.0,60784.6545,asks
1549.0,1617354934483000.0,7500.0,60785.1546,asks
1550.0,1617354935487000.0,2500.0,60784.6545,asks
1551.0,1617354935487000.0,7500.0,60785.1546,asks
1552.0,1617354936491000.0,2500.0,60784.6545,asks
1553.0,1617354936491000.0,6000.0,60792.156,asks
1554.0,1617354936491000.0,1500.0,60793.1562,asks
1555.0,1617354937503000.0,2500.0,60784.6545,asks
1556.0,1617354937503000.0,7500.0,60785.1546,asks
1557.0,1617354938512000.0,2560.0,60784.6545,asks
1558.0,1617354938512000.0,7440.0,60785.1546,asks
1559.0,1617354939520000.0,2500.0,60784.6545,asks
1560.0,1617354939520000.0,7500.0,60785.1546,asks
1561.0,1617354940529000.0,2000.0,60784.6545,asks
1562.0,1617354940529000.0,8000.0,60785.1546,asks
1563.0,1617354941535000.0,2000.0,60784.6545,asks
1564.0,1617354941535000.0,8000.0,60785.1546,asks
1565.0,1617354942537000.0,2060.0,60784.6545,asks
1566.0,1617354942537000.0,7940.0,60785.1546,asks
1567.0,1617354943546000.0,2000.0,60784.6545,asks
1568.0,1617354943546000.0,8000.0,60785.1546,asks
1569.0,1617354944561000.0,2000.0,60784.6545,asks
1570.0,1617354944561000.0,60.0,60791.6559,asks
1571.0,1617354944561000.0,6500.0,60792.156,asks
1572.0,1617354944561000.0,1440.0,60793.1562,asks
1573.0,1617354945585000.0,2060.0,60784.6545,asks
1574.0,1617354945585000.0,7940.0,60785.1546,asks
1575.0,1617354946587000.0,2000.0,60784.6545,asks
1576.0,1617354946587000.0,6500.0,60792.156,asks
1577.0,1617354946587000.0,1500.0,60793.1562,asks
1578.0,1617354947640000.0,2000.0,60772.152,asks
1579.0,1617354947640000.0,110.0,60776.6529,asks
1580.0,1617354947640000.0,7890.0,60777.153,asks
1581.0,1617354948692000.0,2000.0,60772.152,asks
1582.0,1617354948692000.0,180.0,60780.1536,asks
1583.0,1617354948692000.0,7820.0,60780.6537,asks
1584.0,1617354950043000.0,2000.0,60772.152,asks
1585.0,1617354950043000.0,180.0,60780.1536,asks
1586.0,1617354950043000.0,7820.0,60780.6537,asks
1587.0,1617354951178000.0,2000.0,60772.152,asks
1588.0,1617354951178000.0,8000.0,60772.6521,asks
1589.0,1617354952344000.0,2000.0,60772.152,asks
1590.0,1617354952344000.0,8000.0,60772.6521,asks
1591.0,1617354953451000.0,2180.0,60772.152,asks
1592.0,1617354953451000.0,7820.0,60772.6521,asks
1593.0,1617354954615000.0,2000.0,60772.152,asks
1594.0,1617354954615000.0,680.0,60780.1536,asks
1595.0,1617354954615000.0,7320.0,60780.6537,asks
1596.0,1617354955632000.0,2180.0,60772.152,asks
1597.0,1617354955632000.0,7820.0,60772.6521,asks
1598.0,1617354956635000.0,2000.0,60772.152,asks
1599.0,1617354956635000.0,8000.0,60772.6521,asks
1600.0,1617354957664000.0,2000.0,60772.152,asks
1601.0,1617354957664000.0,680.0,60780.1536,asks
1602.0,1617354957664000.0,7320.0,60780.6537,asks
1603.0,1617354958777000.0,2180.0,60772.152,asks
1604.0,1617354958777000.0,7820.0,60772.6521,asks
1605.0,1617354959786000.0,2500.0,60772.152,asks
1606.0,1617354959786000.0,7500.0,60772.6521,asks
1607.0,1617354960798000.0,500.0,60772.152,asks
1608.0,1617354960798000.0,2880.0,60780.6537,asks
1609.0,1617354960798000.0,6620.0,60787.6551,asks
1610.0,1617354961891000.0,500.0,60772.152,asks
1611.0,1617354961891000.0,2680.0,60806.1588,asks
1612.0,1617354961891000.0,6820.0,60824.1624,asks
1613.0,1617354963089000.0,500.0,60772.152,asks
1614.0,1617354963089000.0,2560.0,60840.1656,asks
1615.0,1617354963089000.0,2000.0,60842.6661,asks
1616.0,1617354963089000.0,4940.0,60847.167,asks
1617.0,1617354964117000.0,500.0,60772.152,asks
1618.0,1617354964117000.0,2560.0,60840.1656,asks
1619.0,1617354964117000.0,6940.0,60847.167,asks
1620.0,1617354965487000.0,500.0,60772.152,asks
1621.0,1617354965487000.0,2560.0,60840.1656,asks
1622.0,1617354965487000.0,6940.0,60847.167,asks
1623.0,1617354966644000.0,3060.0,60840.1656,asks
1624.0,1617354966644000.0,6940.0,60840.6657,asks
1625.0,1617354967787000.0,3060.0,60840.1656,asks
1626.0,1617354967787000.0,6940.0,60840.6657,asks
1627.0,1617354968832000.0,3060.0,60840.1656,asks
1628.0,1617354968832000.0,6940.0,60847.167,asks
1629.0,1617354969953000.0,3060.0,60840.1656,asks
1630.0,1617354969953000.0,6940.0,60847.167,asks
1631.0,1617354970968000.0,3060.0,60840.1656,asks
1632.0,1617354970968000.0,6940.0,60840.6657,asks
1633.0,1617354971989000.0,3060.0,60840.1656,asks
1634.0,1617354971989000.0,6940.0,60847.167,asks
1635.0,1617354973016000.0,3060.0,60840.1656,asks
1636.0,1617354973016000.0,6940.0,60847.167,asks
1637.0,1617354974032000.0,500.0,60840.1656,asks
1638.0,1617354974032000.0,9500.0,60840.6657,asks
1639.0,1617354975518000.0,500.0,60840.1656,asks
1640.0,1617354975518000.0,2000.0,60856.1688,asks
1641.0,1617354975518000.0,6000.0,60861.6699,asks
1642.0,1617354975518000.0,1500.0,60863.6703,asks
1643.0,1617354976797000.0,500.0,60840.1656,asks
1644.0,1617354976797000.0,9500.0,60840.6657,asks
1645.0,1617354978057000.0,500.0,60840.1656,asks
1646.0,1617354978057000.0,9500.0,60840.6657,asks
1647.0,1617354979078000.0,500.0,60840.1656,asks
1648.0,1617354979078000.0,2000.0,60844.1664,asks
1649.0,1617354979078000.0,10.0,60861.1698,asks
1650.0,1617354979078000.0,6000.0,60861.6699,asks
1651.0,1617354979078000.0,1490.0,60863.6703,asks
1652.0,1617354980820000.0,2000.0,60844.1664,asks
1653.0,1617354980820000.0,8000.0,60844.6665,asks
1654.0,1617354981823000.0,2000.0,60844.1664,asks
1655.0,1617354981823000.0,8000.0,60844.6665,asks
1656.0,1617354982896000.0,2120.0,60844.1664,asks
1657.0,1617354982896000.0,7880.0,60844.6665,asks
1658.0,1617354983983000.0,2000.0,60832.164,asks
1659.0,1617354983983000.0,6000.0,60848.6673,asks
1660.0,1617354983983000.0,1840.0,60854.6685,asks
1661.0,1617354983983000.0,160.0,60861.6699,asks
1662.0,1617354985288000.0,6000.0,60847.167,asks
1663.0,1617354985288000.0,2000.0,60852.168,asks
1664.0,1617354985288000.0,1840.0,60854.6685,asks
1665.0,1617354985288000.0,160.0,60859.6695,asks
1666.0,1617354986483000.0,2000.0,60835.6647,asks
1667.0,1617354986483000.0,8000.0,60836.1648,asks
1668.0,1617354987658000.0,2000.0,60835.6647,asks
1669.0,1617354987658000.0,120.0,60846.1668,asks
1670.0,1617354987658000.0,6000.0,60846.6669,asks
1671.0,1617354987658000.0,1880.0,60854.6685,asks
1672.0,1617354988783000.0,2000.0,60852.6681,asks
1673.0,1617354988783000.0,2340.0,60854.6685,asks
1674.0,1617354988783000.0,5660.0,60859.6695,asks
1675.0,1617354989878000.0,2000.0,60852.6681,asks
1676.0,1617354989878000.0,2340.0,60854.6685,asks
1677.0,1617354989878000.0,120.0,60859.1694,asks
1678.0,1617354989878000.0,5540.0,60859.6695,asks
1679.0,1617354990946000.0,6120.0,60850.1676,asks
1680.0,1617354990946000.0,3880.0,60850.6677,asks
1681.0,1617354991974000.0,6000.0,60850.1676,asks
1682.0,1617354991974000.0,120.0,60852.168,asks
1683.0,1617354991974000.0,2000.0,60852.6681,asks
1684.0,1617354991974000.0,1880.0,60854.6685,asks
1685.0,1617354993097000.0,6000.0,60850.1676,asks
1686.0,1617354993097000.0,120.0,60852.168,asks
1687.0,1617354993097000.0,2000.0,60852.6681,asks
1688.0,1617354993097000.0,1880.0,60854.6685,asks
1689.0,1617354994174000.0,120.0,60818.6613,asks
1690.0,1617354994174000.0,9880.0,60819.1614,asks
1691.0,1617354995220000.0,10000.0,60819.1614,asks
1692.0,1617354996230000.0,120.0,60818.6613,asks
1693.0,1617354996230000.0,9880.0,60819.1614,asks
1694.0,1617354997400000.0,120.0,60818.6613,asks
1695.0,1617354997400000.0,9880.0,60819.1614,asks
1696.0,1617354998937000.0,120.0,60818.6613,asks
1697.0,1617354998937000.0,9880.0,60819.1614,asks
1698.0,1617355000571000.0,200.0,60818.6613,asks
1699.0,1617355000571000.0,9800.0,60819.1614,asks
1700.0,1617355001961000.0,200.0,60818.6613,asks
1701.0,1617355001961000.0,9800.0,60819.1614,asks
1702.0,1617355002965000.0,200.0,60818.6613,asks
1703.0,1617355002965000.0,9800.0,60819.1614,asks
1704.0,1617355003974000.0,700.0,60818.6613,asks
1705.0,1617355003974000.0,9300.0,60819.1614,asks
1706.0,1617355004983000.0,500.0,60818.6613,asks
1707.0,1617355004983000.0,9500.0,60819.1614,asks
1708.0,1617355005985000.0,700.0,60818.6613,asks
1709.0,1617355005985000.0,9300.0,60819.1614,asks
1710.0,1617355006996000.0,700.0,60818.6613,asks
1711.0,1617355006996000.0,9300.0,60819.1614,asks
1712.0,1617355008002000.0,700.0,60818.6613,asks
1713.0,1617355008002000.0,9300.0,60819.1614,asks
1714.0,1617355009085000.0,500.0,60818.6613,asks
1715.0,1617355009085000.0,9500.0,60819.1614,asks
1716.0,1617355010342000.0,500.0,60818.6613,asks
1717.0,1617355010342000.0,2000.0,60859.1694,asks
1718.0,1617355010342000.0,150.0,60861.6699,asks
1719.0,1617355010342000.0,7350.0,60862.17,asks
1720.0,1617355011395000.0,10000.0,60834.6645,asks
1721.0,1617355012418000.0,10000.0,60834.6645,asks
1722.0,1617355013421000.0,150.0,60834.1644,asks
1723.0,1617355013421000.0,9850.0,60834.6645,asks
1724.0,1617355014697000.0,10000.0,60834.6645,asks
1725.0,1617355015699000.0,10000.0,60817.161,asks
1726.0,1617355016782000.0,500.0,60847.167,asks
1727.0,1617355016782000.0,2000.0,60852.6681,asks
1728.0,1617355016782000.0,6000.0,60862.17,asks
1729.0,1617355016782000.0,1500.0,60863.6703,asks
1730.0,1617355018046000.0,10000.0,60840.1656,asks
1731.0,1617355019077000.0,150.0,60839.6655,asks
1732.0,1617355019077000.0,9850.0,60840.1656,asks
1733.0,1617355020088000.0,150.0,60839.6655,asks
1734.0,1617355020088000.0,9850.0,60840.1656,asks
1735.0,1617355022100000.0,150.0,60823.6623,asks
1736.0,1617355022100000.0,9850.0,60824.1624,asks
1737.0,1617355023150000.0,650.0,60823.6623,asks
1738.0,1617355023150000.0,9350.0,60824.1624,asks
1739.0,1617355024292000.0,500.0,60823.6623,asks
1740.0,1617355024292000.0,9500.0,60824.1624,asks
1741.0,1617355025294000.0,510.0,60823.6623,asks
1742.0,1617355025294000.0,9490.0,60824.1624,asks
1743.0,1617355027137000.0,510.0,60823.6623,asks
1744.0,1617355027137000.0,9490.0,60824.1624,asks
1745.0,1617355028183000.0,500.0,60823.6623,asks
1746.0,1617355028183000.0,9500.0,60824.1624,asks
1747.0,1617355029197000.0,4620.0,60816.6609,asks
1748.0,1617355029197000.0,5380.0,60817.161,asks
1749.0,1617355030238000.0,10.0,60799.6575,asks
1750.0,1617355030238000.0,9990.0,60800.1576,asks
1751.0,1617355031385000.0,10.0,60799.6575,asks
1752.0,1617355031385000.0,9990.0,60800.1576,asks
1753.0,1617355032472000.0,10.0,60799.6575,asks
1754.0,1617355032472000.0,9990.0,60800.1576,asks
1755.0,1617355033527000.0,10.0,60799.6575,asks
1756.0,1617355033527000.0,9990.0,60800.1576,asks
1757.0,1617355034858000.0,10.0,60799.6575,asks
1758.0,1617355034858000.0,9990.0,60800.1576,asks
1759.0,1617355035898000.0,10000.0,60800.1576,asks
1760.0,1617355036961000.0,10.0,60799.6575,asks
1761.0,1617355036961000.0,9990.0,60800.1576,asks
1762.0,1617355038098000.0,10000.0,60784.6545,asks
1763.0,1617355039457000.0,10000.0,60784.6545,asks
1764.0,1617355041090000.0,10000.0,60784.6545,asks
1765.0,1617355042259000.0,10000.0,60784.6545,asks
1766.0,1617355043307000.0,800.0,60784.1544,asks
1767.0,1617355043307000.0,9200.0,60784.6545,asks
1768.0,1617355045281000.0,800.0,60784.1544,asks
1769.0,1617355045281000.0,9200.0,60784.6545,asks
1770.0,1617355046287000.0,800.0,60784.1544,asks
1771.0,1617355046287000.0,9200.0,60784.6545,asks
1772.0,1617355047294000.0,10000.0,60784.6545,asks
1773.0,1617355048359000.0,800.0,60784.1544,asks
1774.0,1617355048359000.0,9200.0,60784.6545,asks
1775.0,1617355049574000.0,800.0,60784.1544,asks
1776.0,1617355049574000.0,9200.0,60784.6545,asks
1777.0,1617355051321000.0,800.0,60784.1544,asks
1778.0,1617355051321000.0,9200.0,60784.6545,asks
1779.0,1617355052336000.0,800.0,60784.1544,asks
1780.0,1617355052336000.0,9200.0,60784.6545,asks
1781.0,1617355053485000.0,10000.0,60784.6545,asks
1782.0,1617355055212000.0,800.0,60784.1544,asks
1783.0,1617355055212000.0,9200.0,60784.6545,asks
1784.0,1617355056351000.0,500.0,60784.1544,asks
1785.0,1617355056351000.0,9500.0,60784.6545,asks
1786.0,1617355057365000.0,1300.0,60784.1544,asks
1787.0,1617355057365000.0,8700.0,60784.6545,asks
1788.0,1617355058372000.0,1300.0,60784.1544,asks
1789.0,1617355058372000.0,8700.0,60784.6545,asks
1790.0,1617355059382000.0,1300.0,60784.1544,asks
1791.0,1617355059382000.0,8700.0,60784.6545,asks
1792.0,1617355060386000.0,1300.0,60784.1544,asks
1793.0,1617355060386000.0,8700.0,60784.6545,asks
1794.0,1617355061393000.0,1300.0,60784.1544,asks
1795.0,1617355061393000.0,8700.0,60784.6545,asks
1796.0,1617355062401000.0,1300.0,60784.1544,asks
1797.0,1617355062401000.0,8700.0,60784.6545,asks
1798.0,1617355063404000.0,1300.0,60784.1544,asks
1799.0,1617355063404000.0,8700.0,60784.6545,asks
1800.0,1617355064421000.0,1300.0,60784.1544,asks
1801.0,1617355064421000.0,8700.0,60784.6545,asks
1802.0,1617355065422000.0,1300.0,60784.1544,asks
1803.0,1617355065422000.0,8700.0,60784.6545,asks
1804.0,1617355066440000.0,500.0,60784.1544,asks
1805.0,1617355066440000.0,9500.0,60784.6545,asks
1806.0,1617355068342000.0,500.0,60784.1544,asks
1807.0,1617355068342000.0,9500.0,60784.6545,asks
1808.0,1617355069343000.0,700.0,60784.1544,asks
1809.0,1617355069343000.0,9300.0,60784.6545,asks
1810.0,1617355070457000.0,2000.0,60778.6533,asks
1811.0,1617355070457000.0,8000.0,60779.1534,asks
1812.0,1617355071586000.0,2000.0,60778.6533,asks
1813.0,1617355071586000.0,700.0,60784.1544,asks
1814.0,1617355071586000.0,7300.0,60784.6545,asks
1815.0,1617355072896000.0,2000.0,60778.6533,asks
1816.0,1617355072896000.0,8000.0,60784.6545,asks
1817.0,1617355074368000.0,2700.0,60778.6533,asks
1818.0,1617355074368000.0,7300.0,60779.1534,asks
1819.0,1617355075492000.0,2500.0,60778.6533,asks
1820.0,1617355075492000.0,7500.0,60779.1534,asks
1821.0,1617355076498000.0,2500.0,60778.6533,asks
1822.0,1617355076498000.0,7500.0,60779.1534,asks
1823.0,1617355077984000.0,2500.0,60778.6533,asks
1824.0,1617355077984000.0,700.0,60784.1544,asks
1825.0,1617355077984000.0,6800.0,60784.6545,asks
1826.0,1617355079277000.0,2500.0,60778.6533,asks
1827.0,1617355079277000.0,7500.0,60784.6545,asks
1828.0,1617355080345000.0,10000.0,60767.151,asks
1829.0,1617355081406000.0,700.0,60766.6509,asks
1830.0,1617355081406000.0,9300.0,60767.151,asks
1831.0,1617355082541000.0,1200.0,60766.6509,asks
1832.0,1617355082541000.0,8800.0,60767.151,asks
1833.0,1617355083548000.0,500.0,60766.6509,asks
1834.0,1617355083548000.0,9500.0,60767.151,asks
1835.0,1617355084553000.0,980.0,60766.6509,asks
1836.0,1617355084553000.0,9020.0,60767.151,asks
1837.0,1617355085562000.0,500.0,60766.6509,asks
1838.0,1617355085562000.0,9500.0,60767.151,asks
1839.0,1617355086575000.0,980.0,60766.6509,asks
1840.0,1617355086575000.0,9020.0,60767.151,asks
1841.0,1617355087588000.0,980.0,60766.6509,asks
1842.0,1617355087588000.0,9020.0,60767.151,asks
1843.0,1617355088792000.0,2000.0,60778.6533,asks
1844.0,1617355088792000.0,480.0,60781.6539,asks
1845.0,1617355088792000.0,7520.0,60782.154,asks
1846.0,1617355090598000.0,2480.0,60778.6533,asks
1847.0,1617355090598000.0,7520.0,60779.1534,asks
1848.0,1617355091696000.0,10000.0,60782.154,asks
1849.0,1617355093297000.0,360.0,60781.6539,asks
1850.0,1617355093297000.0,9640.0,60782.154,asks
1851.0,1617355094623000.0,360.0,60781.6539,asks
1852.0,1617355094623000.0,9640.0,60782.154,asks
1853.0,1617355095634000.0,10000.0,60782.154,asks
1854.0,1617355096682000.0,500.0,60782.154,asks
1855.0,1617355096682000.0,2000.0,60782.6541,asks
1856.0,1617355096682000.0,7500.0,60784.6545,asks
1857.0,1617355098393000.0,500.0,60782.154,asks
1858.0,1617355098393000.0,150.0,60805.6587,asks
1859.0,1617355098393000.0,9350.0,60806.1588,asks
1860.0,1617355099570000.0,500.0,60782.154,asks
1861.0,1617355099570000.0,9500.0,60806.1588,asks
1862.0,1617355100684000.0,500.0,60782.154,asks
1863.0,1617355100684000.0,2000.0,60805.1586,asks
1864.0,1617355100684000.0,7500.0,60806.1588,asks
1865.0,1617355101851000.0,500.0,60782.154,asks
1866.0,1617355101851000.0,2000.0,60805.1586,asks
1867.0,1617355101851000.0,7500.0,60806.1588,asks
1868.0,1617355102948000.0,2500.0,60805.1586,asks
1869.0,1617355102948000.0,7500.0,60806.1588,asks
1870.0,1617355103999000.0,2500.0,60805.1586,asks
1871.0,1617355103999000.0,7500.0,60805.6587,asks
1872.0,1617355105079000.0,2500.0,60805.1586,asks
1873.0,1617355105079000.0,7500.0,60806.1588,asks
1874.0,1617355106188000.0,2500.0,60805.1586,asks
1875.0,1617355106188000.0,6000.0,60818.1612,asks
1876.0,1617355106188000.0,1500.0,60824.1624,asks
1877.0,1617355107684000.0,2500.0,60805.1586,asks
1878.0,1617355107684000.0,7500.0,60805.6587,asks
1879.0,1617355108685000.0,2000.0,60805.1586,asks
1880.0,1617355108685000.0,6500.0,60818.1612,asks
1881.0,1617355108685000.0,1500.0,60824.1624,asks
1882.0,1617355109730000.0,2000.0,60805.1586,asks
1883.0,1617355109730000.0,8000.0,60805.6587,asks
1884.0,1617355110733000.0,2000.0,60805.1586,asks
1885.0,1617355110733000.0,8000.0,60805.6587,asks
1886.0,1617355111743000.0,2000.0,60805.1586,asks
1887.0,1617355111743000.0,8000.0,60805.6587,asks
1888.0,1617355112753000.0,2000.0,60805.1586,asks
1889.0,1617355112753000.0,8000.0,60805.6587,asks
1890.0,1617355113756000.0,2000.0,60805.1586,asks
1891.0,1617355113756000.0,8000.0,60805.6587,asks
1892.0,1617355114777000.0,2500.0,60805.1586,asks
1893.0,1617355114777000.0,6000.0,60818.1612,asks
1894.0,1617355114777000.0,1500.0,60824.1624,asks
1895.0,1617355116777000.0,2500.0,60805.1586,asks
1896.0,1617355116777000.0,7500.0,60805.6587,asks
1897.0,1617355117785000.0,2500.0,60805.1586,asks
1898.0,1617355117785000.0,7500.0,60805.6587,asks
1899.0,1617355119174000.0,2500.0,60805.1586,asks
1900.0,1617355119174000.0,6000.0,60818.1612,asks
1901.0,1617355119174000.0,1500.0,60824.1624,asks
1902.0,1617355120499000.0,2500.0,60805.1586,asks
1903.0,1617355120499000.0,6000.0,60818.1612,asks
1904.0,1617355120499000.0,1500.0,60824.1624,asks
1905.0,1617355121709000.0,2500.0,60805.1586,asks
1906.0,1617355121709000.0,7500.0,60806.6589,asks
1907.0,1617355122820000.0,2500.0,60805.1586,asks
1908.0,1617355122820000.0,7500.0,60805.6587,asks
1909.0,1617355123828000.0,2500.0,60805.1586,asks
1910.0,1617355123828000.0,7500.0,60805.6587,asks
1911.0,1617355124833000.0,2500.0,60805.1586,asks
1912.0,1617355124833000.0,7500.0,60805.6587,asks
1913.0,1617355125842000.0,2500.0,60805.1586,asks
1914.0,1617355125842000.0,7500.0,60805.6587,asks
1915.0,1617355126845000.0,2500.0,60805.1586,asks
1916.0,1617355126845000.0,7500.0,60805.6587,asks
1917.0,1617355127859000.0,2500.0,60805.1586,asks
1918.0,1617355127859000.0,7500.0,60805.6587,asks
1919.0,1617355128860000.0,2500.0,60805.1586,asks
1920.0,1617355128860000.0,7500.0,60805.6587,asks
1921.0,1617355129866000.0,10000.0,60780.6537,asks
1922.0,1617355130877000.0,10000.0,60780.6537,asks
1923.0,1617355131886000.0,10000.0,60780.6537,asks
1924.0,1617355132890000.0,10000.0,60786.1548,asks
1925.0,1617355133896000.0,10000.0,60786.1548,asks
1926.0,1617355134912000.0,10000.0,60786.1548,asks
1927.0,1617355135934000.0,10000.0,60786.1548,asks
1928.0,1617355136945000.0,10000.0,60786.1548,asks
1929.0,1617355138340000.0,40.0,60785.6547,asks
1930.0,1617355138340000.0,9960.0,60786.1548,asks
1931.0,1617355139429000.0,500.0,60785.6547,asks
1932.0,1617355139429000.0,2000.0,60791.6559,asks
1933.0,1617355139429000.0,40.0,60793.6563,asks
1934.0,1617355139429000.0,6000.0,60794.1564,asks
1935.0,1617355139429000.0,1460.0,60797.157,asks
1936.0,1617355140886000.0,500.0,60785.6547,asks
1937.0,1617355140886000.0,2000.0,60791.6559,asks
1938.0,1617355140886000.0,40.0,60793.6563,asks
1939.0,1617355140886000.0,6000.0,60794.1564,asks
1940.0,1617355140886000.0,1460.0,60797.157,asks
1941.0,1617355142967000.0,540.0,60785.6547,asks
1942.0,1617355142967000.0,9460.0,60786.1548,asks
1943.0,1617355144290000.0,10000.0,60782.6541,asks
1944.0,1617355145984000.0,40.0,60782.154,asks
1945.0,1617355145984000.0,9960.0,60782.6541,asks
1946.0,1617355146992000.0,540.0,60782.154,asks
1947.0,1617355146992000.0,9460.0,60782.6541,asks
1948.0,1617355147999000.0,540.0,60782.154,asks
1949.0,1617355147999000.0,9460.0,60782.6541,asks
1950.0,1617355149012000.0,540.0,60782.154,asks
1951.0,1617355149012000.0,9460.0,60782.6541,asks
1952.0,1617355150021000.0,540.0,60782.154,asks
1953.0,1617355150021000.0,9460.0,60782.6541,asks
1954.0,1617355151035000.0,540.0,60782.154,asks
1955.0,1617355151035000.0,9460.0,60782.6541,asks
1956.0,1617355152403000.0,540.0,60782.154,asks
1957.0,1617355152403000.0,9460.0,60782.6541,asks
1958.0,1617355153934000.0,500.0,60782.154,asks
1959.0,1617355153934000.0,9500.0,60782.6541,asks
1960.0,1617355154937000.0,810.0,60782.154,asks
1961.0,1617355154937000.0,9190.0,60782.6541,asks
1962.0,1617355156056000.0,810.0,60782.154,asks
1963.0,1617355156056000.0,9190.0,60782.6541,asks
1964.0,1617355157067000.0,810.0,60782.154,asks
1965.0,1617355157067000.0,9190.0,60782.6541,asks
1966.0,1617355158076000.0,810.0,60782.154,asks
1967.0,1617355158076000.0,9190.0,60782.6541,asks
1968.0,1617355159259000.0,500.0,60782.154,asks
1969.0,1617355159259000.0,2000.0,60791.6559,asks
1970.0,1617355159259000.0,310.0,60793.6563,asks
1971.0,1617355159259000.0,6000.0,60794.1564,asks
1972.0,1617355159259000.0,1190.0,60797.157,asks
1973.0,1617355160358000.0,500.0,60782.154,asks
1974.0,1617355160358000.0,2000.0,60791.6559,asks
1975.0,1617355160358000.0,310.0,60796.6569,asks
1976.0,1617355160358000.0,7190.0,60797.157,asks
1977.0,1617355161416000.0,500.0,60782.154,asks
1978.0,1617355161416000.0,2000.0,60791.6559,asks
1979.0,1617355161416000.0,310.0,60796.6569,asks
1980.0,1617355161416000.0,7190.0,60797.157,asks
1981.0,1617355163115000.0,710.0,60782.154,asks
1982.0,1617355163115000.0,9290.0,60782.6541,asks
1983.0,1617355164122000.0,500.0,60782.154,asks
1984.0,1617355164122000.0,9500.0,60782.6541,asks
1985.0,1617355165134000.0,500.0,60782.154,asks
1986.0,1617355165134000.0,2000.0,60791.6559,asks
1987.0,1617355165134000.0,210.0,60796.6569,asks
1988.0,1617355165134000.0,7290.0,60797.157,asks
1989.0,1617355166291000.0,210.0,60781.6539,asks
1990.0,1617355166291000.0,9790.0,60782.154,asks
1991.0,1617355167320000.0,710.0,60781.6539,asks
1992.0,1617355167320000.0,9290.0,60782.154,asks
1993.0,1617355168984000.0,710.0,60781.6539,asks
1994.0,1617355168984000.0,9290.0,60782.154,asks
1995.0,1617355170160000.0,10000.0,60781.6539,asks
1996.0,1617355171168000.0,500.0,60781.6539,asks
1997.0,1617355171168000.0,9500.0,60782.154,asks
1998.0,1617355172172000.0,520.0,60781.6539,asks
1999.0,1617355172172000.0,9480.0,60782.154,asks
2000.0,1617355173188000.0,520.0,60781.6539,asks
2001.0,1617355173188000.0,9480.0,60782.154,asks
2002.0,1617355174190000.0,500.0,60781.6539,asks
2003.0,1617355174190000.0,9500.0,60782.154,asks
2004.0,1617355175195000.0,500.0,60781.6539,asks
2005.0,1617355175195000.0,9500.0,60782.154,asks
2006.0,1617355176243000.0,2000.0,60778.6533,asks
2007.0,1617355176243000.0,500.0,60781.6539,asks
2008.0,1617355176243000.0,20.0,60784.1544,asks
2009.0,1617355176243000.0,7480.0,60784.6545,asks
2010.0,1617355177349000.0,2380.0,60778.6533,asks
2011.0,1617355177349000.0,7620.0,60779.1534,asks
2012.0,1617355178648000.0,2000.0,60778.6533,asks
2013.0,1617355178648000.0,500.0,60781.6539,asks
2014.0,1617355178648000.0,3230.0,60793.6563,asks
2015.0,1617355178648000.0,4270.0,60794.1564,asks
2016.0,1617355179962000.0,380.0,60755.6487,asks
2017.0,1617355179962000.0,9620.0,60756.1488,asks
2018.0,1617355181063000.0,380.0,60755.6487,asks
2019.0,1617355181063000.0,9620.0,60756.1488,asks
2020.0,1617355182243000.0,380.0,60755.6487,asks
2021.0,1617355182243000.0,9620.0,60756.1488,asks
2022.0,1617355183249000.0,380.0,60755.6487,asks
2023.0,1617355183249000.0,9620.0,60756.1488,asks
2024.0,1617355184260000.0,380.0,60755.6487,asks
2025.0,1617355184260000.0,9620.0,60756.1488,asks
2026.0,1617355185285000.0,380.0,60764.1504,asks
2027.0,1617355185285000.0,9620.0,60764.6505,asks
2028.0,1617355187278000.0,380.0,60764.1504,asks
2029.0,1617355187278000.0,9620.0,60764.6505,asks
2030.0,1617355188286000.0,880.0,60764.1504,asks
